"Row ID","Order Priority","Discount","Unit Price","Shipping Cost","Customer ID","Customer Name","Product Name","Product Base Margin","Country","City","Order Date","Ship Date","Profit","column1","Quantity ordered new","Sales","Order ID"
"20847","High","0.01","2.84","0.93","3","Bonnie Potter","SANFORD Liquid Accent™ Tank-Style Highlighters","0.54","United States","Anacortes","1/7/2015","1/8/2015","4.56","true","4","13.01","88522"
"20228","Not Specified","0.02","500.98","26","5","Ronnie Proctor","Global Troy™ Executive Leather Low-Back Tilter","0.6","United States","San Gabriel","6/13/2015","6/15/2015","4390.3665","true","12","6362.85","90193"
"21776","Critical","0.06","9.48","7.29","11","Marcus Dunlap","DAX Two-Tone Rosewood/Black Document Frame, Desktop, 5 x 7","0.45","United States","Roselle","2/15/2015","2/17/2015","-53.8096","false","22","211.15","90192"
"24844","Medium","0.09","78.69","19.99","14","Gwendolyn F Tyson","Howard Miller 12-3/4 Diameter Accuwave DS ™ Wall Clock","0.43","United States","Prior Lake","5/12/2015","5/14/2015","803.4705","true","16","1164.45","86838"
"24846","Medium","0.08","3.28","2.31","14","Gwendolyn F Tyson","Newell 321","0.56","United States","Prior Lake","5/12/2015","5/13/2015","-24.03","false","7","22.23","86838"
"24847","Medium","0.05","3.28","4.2","14","Gwendolyn F Tyson","Newell 351","0.56","United States","Prior Lake","5/12/2015","5/13/2015","-37.03","false","4","13.99","86838"
"24848","Medium","0.05","3.58","1.63","14","Gwendolyn F Tyson","OIC Colored Binder Clips, Assorted Sizes","0.36","United States","Prior Lake","5/12/2015","5/13/2015","-0.71","false","4","14.26","86838"
"18181","Critical","0","4.42","4.99","15","Timothy Reese","Grip Seal Envelopes","0.38","United States","Smithtown","4/8/2015","4/9/2015","-59.82","false","7","33.47","86837"
"20925","Medium","0.01","35.94","6.66","15","Timothy Reese","Tyvek ® Top-Opening Peel & Seel ® Envelopes, Gray","0.4","United States","Smithtown","5/28/2015","5/28/2015","261.8757","true","10","379.53","86839"
"26267","High","0.04","2.98","1.58","16","Sarah Ramsey","Staples Gold Paper Clips","0.39","United States","Syracuse","2/12/2015","2/15/2015","2.63","true","6","18.8","86836"
"26268","High","0.05","115.99","2.5","16","Sarah Ramsey","StarTAC 7797","0.55","United States","Syracuse","2/12/2015","2/14/2015","652.7331","true","10","945.99","86836"
"23890","High","0.05","26.48","6.93","18","Laurie Hanna","DAX Natural Wood-Tone Poster Frame","0.49","United States","Helena","5/15/2015","5/16/2015","314.4813","true","17","455.77","90031"
"24063","Not Specified","0.07","12.99","9.44","19","Jim Rodgers","Hewlett Packard 6S Scientific Calculator","0.39","United States","Missoula","5/21/2015","5/23/2015","-114.6399","false","18","231.79","90032"
"5890","High","0.05","26.48","6.93","21","Tony Wilkins Winters","DAX Natural Wood-Tone Poster Frame","0.49","United States","New York City","5/15/2015","5/16/2015","384.38","true","70","1876.69","41793"
"6062","Not Specified","0.08","5","3.39","21","Tony Wilkins Winters","Advantus Plastic Paper Clips","0.37","United States","New York City","5/21/2015","5/22/2015","-17.49","false","58","293.06","42949"
"6063","Not Specified","0.07","12.99","9.44","21","Tony Wilkins Winters","Hewlett Packard 6S Scientific Calculator","0.39","United States","New York City","5/21/2015","5/23/2015","-114.6399","false","71","914.29","42949"
"20631","High","0.06","55.48","14.3","24","Edna Thomas","Xerox 194","0.37","United States","Laguna Niguel","1/28/2015","1/29/2015","-28.2968","false","1","67.49","87651"
"20632","High","0.02","1.68","1.57","24","Edna Thomas","Newell 323","0.59","United States","Laguna Niguel","1/28/2015","1/30/2015","-5.3072","false","1","2.25","87651"
"23967","Not Specified","0.04","4.14","6.6","27","Guy Gallagher","Eldon Image Series Black Desk Accessories","0.49","United States","Lakewood","5/2/2015","5/4/2015","8.89400000000001","true","12","54.78","87652"
"23509","High","0.08","34.99","7.73","32","Matthew Berman","Hunt Boston® Vacuum Mount KS Pencil Sharpener","0.59","United States","Grants Pass","2/22/2015","2/23/2015","144.69","true","13","424.68","89199"
"23612","High","0.01","17.98","8.51","32","Matthew Berman","Canon P1-DHIII Palm Printing Calculator","0.4","United States","Grants Pass","3/27/2015","3/28/2015","-35.8788","false","2","40.17","89200"
"23278","Medium","0.09","125.99","7.69","32","Matthew Berman","StarTAC 3000","0.59","United States","Grants Pass","1/20/2015","1/22/2015","209.997","true","8","783.55","89202"
"19355","Low","0.06","205.99","8.99","32","Matthew Berman","TimeportP7382","0.56","United States","Grants Pass","3/12/2015","3/19/2015","3568.096","true","22","3838.14","89203"
"23654","Not Specified","0.03","4.24","5.41","33","Ricky Hensley","Storex DuraTech Recycled Plastic Frosted Binders","0.35","United States","Gresham","6/15/2015","6/17/2015","-84.4376","false","13","58.68","89201"
"23655","Not Specified","0.04","2.94","0.7","33","Ricky Hensley","Newell 338","0.58","United States","Gresham","6/15/2015","6/16/2015","24.312","true","18","53.1","89201"
"25933","High","0","99.99","19.99","43","Theodore Moran","AT&T 2230 Dual Handset Phone With Caller ID/Call Waiting","0.52","United States","Redmond","5/10/2015","5/11/2015","25.91382","true","6","647.07","91454"
"18551","Not Specified","0","115.99","2.5","52","Lorraine Kelly","6160","0.57","United States","Puyallup","3/10/2015","3/10/2015","162.666","true","6","627.04","88426"
"22117","Critical","0.07","3502.14","8.73","53","Sidney Russell Austin","Okidata Pacemark 4410N Wide Format Dot Matrix Printer","0.57","United States","Redmond","1/28/2015","1/30/2015","-6923.5992","false","1","3267.55","88425"
"18552","Not Specified","0.02","5.98","5.79","53","Sidney Russell Austin","Xerox 1903","0.36","United States","Redmond","3/10/2015","3/11/2015","-67.49","false","17","110.19","88426"
"20697","Medium","0.06","3.8","1.49","56","Randall Montgomery","Durable Pressboard Binders","0.38","United States","Tonawanda","4/20/2015","4/21/2015","19.6282","true","20","73.55","88075"
"20698","Medium","0.06","1.76","0.7","56","Randall Montgomery","Newell 310","0.56","United States","Tonawanda","4/20/2015","4/21/2015","-1.6524","false","17","29.57","88075"
"22890","High","0.02","5.98","5.15","62","Pam Gilbert","Xerox 193","0.36","United States","Round Rock","5/9/2015","5/11/2015","2.14","true","3","22.85","87407"
"25354","High","0.04","29.14","4.86","62","Pam Gilbert","Snap-A-Way® Black Print Carbonless Speed Message, No Reply Area, Duplicate","0.38","United States","Round Rock","6/12/2015","6/14/2015","349.4091","true","17","506.39","87408"
"21017","Not Specified","0","3.69","0.5","64","Lynn Morrow","Avery 501","0.38","United States","Salem","3/2/2015","3/4/2015","-37.5291","false","1","4","87406"
"21019","Not Specified","0.02","175.99","4.99","64","Lynn Morrow","5165","0.59","United States","Salem","3/2/2015","3/2/2015","101.49","true","4","589.8","87406"
"23274","Low","0.05","155.06","7.07","67","Ellen McCormick","Dual Level, Single-Width Filing Carts","0.59","United States","Napa","1/2/2015","1/9/2015","845.664","true","8","1225.6","87946"
"5272","Low","0","291.73","48.8","68","Scott Bunn","Hon 4070 Series Pagoda™ Armless Upholstered Stacking Chairs","0.56","United States","New York City","1/2/2015","1/2/2015","-308.928","false","4","1239.06","37537"
"5273","Low","0.07","100.98","45","68","Scott Bunn","Hon Valutask™ Swivel Chairs","0.69","United States","New York City","1/2/2015","1/4/2015","-1679.76","false","43","4083.19","37537"
"5274","Low","0.05","155.06","7.07","68","Scott Bunn","Dual Level, Single-Width Filing Carts","0.59","United States","New York City","1/2/2015","1/9/2015","575.396","true","32","4902.38","37537"
"7786","High","0.09","122.99","70.2","68","Scott Bunn","Global High-Back Leather Tilter, Burgundy","0.74","United States","New York City","2/2/2015","2/4/2015","-2426.55","false","49","5718.85","55713"
"25786","High","0.09","122.99","70.2","70","Annette Boone","Global High-Back Leather Tilter, Burgundy","0.74","United States","Burlington","2/2/2015","2/4/2015","-2426.55","false","12","1400.53","87947"
"18281","High","0.04","296.18","54.12","83","Edgar Stone","Hon 94000 Series Round Tables","0.76","United States","Canton","3/15/2015","3/15/2015","-715.778206","false","6","1821.89","87365"
"23639","Not Specified","0","8.09","7.96","84","Helen Stein","6"" Cubicle Wall Clock, Black","0.49","United States","Cincinnati","2/2/2015","2/3/2015","-144.56","false","11","90.98","87364"
"23880","High","0.08","896.99","19.99","84","Helen Stein","GBC DocuBind TL300 Electric Binding System","0.38","United States","Cincinnati","3/30/2015","4/2/2015","7402.32","true","13","10728","87366"
"24663","Low","0.05","161.55","19.99","87","Norman Shields","Fellowes Super Stor/Drawer® Files","0.66","United States","Vacaville","6/3/2015","6/8/2015","1892.424","true","19","3127.69","90596"
"23841","High","0.09","4.91","0.5","87","Norman Shields","Avery 493","0.36","United States","Vacaville","3/22/2015","3/23/2015","28.8558","true","9","41.82","90597"
"23842","High","0.01","296.18","54.12","87","Norman Shields","Hon 94000 Series Round Tables","0.76","United States","Vacaville","3/22/2015","3/25/2015","173.48","true","9","2875.72","90597"
"23071","High","0.07","19.84","4.1","91","Wallace Werner","Prismacolor Color Pencil Set","0.44","United States","Vallejo","5/17/2015","5/18/2015","117.852","true","9","170.8","87175"
"19877","Medium","0.05","5.18","2.04","91","Wallace Werner","Array® Memo Cubes","0.36","United States","Vallejo","2/18/2015","2/20/2015","34.0104","true","10","53.54","87176"
"19611","Medium","0.06","175.99","8.99","91","Wallace Werner","2180","0.57","United States","Vallejo","3/4/2015","3/6/2015","2031.507","true","23","3363.53","87177"
"23069","High","0.07","8.34","1.43","92","Victoria Baker Hoover","REDIFORM Incoming/Outgoing Call Register, 11"" X 8 1/2"", 100 Messages","0.35","United States","Terrytown","5/17/2015","5/19/2015","-190.68","false","16","132.08","87175"
"23070","High","0.09","4.98","6.07","92","Victoria Baker Hoover","Xerox 1897","0.36","United States","Terrytown","5/17/2015","5/18/2015","325.398","true","9","45.34","87175"
"23203","Medium","0.04","12.98","3.14","92","Victoria Baker Hoover","Acme® 8"" Straight Scissors","0.6","United States","Terrytown","6/7/2015","6/9/2015","22.818","true","16","216.04","87178"
"6243","Not Specified","0.04","160.98","30","94","Eddie House Mueller","Office Star - Mid Back Dual function Ergonomic High Back Chair with 2-Way Adjustable Arms","0.62","United States","Chicago","5/3/2015","5/5/2015","116.1","true","37","6276.34","44231"
"6244","Not Specified","0.01","17.98","4","94","Eddie House Mueller","Belkin 107-key enhanced keyboard, USB/PS/2 interface","0.79","United States","Chicago","5/3/2015","5/5/2015","-87.96","false","146","2664.4","44231"
"24243","Not Specified","0.04","160.98","30","97","Max McKenna","Office Star - Mid Back Dual function Ergonomic High Back Chair with 2-Way Adjustable Arms","0.62","United States","Manhattan","5/3/2015","5/5/2015","255.42","true","9","1526.68","87306"
"24245","Not Specified","0.06","115.99","8.99","97","Max McKenna","5185","0.58","United States","Manhattan","5/3/2015","5/4/2015","685.6146","true","20","1952.56","87306"
"18494","Medium","0.1","19.98","4","101","Claudia Boyle","Belkin 105-Key Black Keyboard","0.68","United States","Biddeford","6/22/2015","6/24/2015","-16.2","false","16","303.59","88205"
"6014","Medium","0.04","300.98","54.92","102","Caroline Johnston","Atlantic Metals Mobile 5-Shelf Bookcases, Custom Colors","0.55","United States","Boston","4/6/2015","4/7/2015","2023.75","true","31","9459.94","42599"
"494","Medium","0.1","19.98","4","102","Caroline Johnston","Belkin 105-Key Black Keyboard","0.68","United States","Boston","6/22/2015","6/24/2015","-20.25","false","65","1233.32","3397"
"495","Medium","0.09","2.88","1.49","102","Caroline Johnston","Avery Durable Binders","0.36","United States","Boston","6/22/2015","6/23/2015","-3.381","false","17","47.31","3397"
"24014","Medium","0.04","300.98","54.92","107","Lois Hamilton","Atlantic Metals Mobile 5-Shelf Bookcases, Custom Colors","0.55","United States","Dover","4/6/2015","4/7/2015","1684.4763","true","8","2441.27","88204"
"18495","Medium","0.09","2.88","1.49","109","Tom McFarland","Avery Durable Binders","0.36","United States","Lodi","6/22/2015","6/23/2015","-2.7048","false","4","11.13","88205"
"19074","High","0.03","4.26","1.2","114","Ron Newton","Dixon Prang® Watercolor Pencils, 10-Color Set with Brush","0.44","United States","Lake Oswego","1/3/2015","1/4/2015","18.658","true","7","29.5","89583"
"19950","Medium","0.01","4.91","0.5","114","Ron Newton","Avery 493","0.36","United States","Lake Oswego","4/4/2015","4/6/2015","40.2477","true","12","58.33","89584"
"19951","Medium","0.09","4","1.3","114","Ron Newton","EcoTones® Memo Sheets","0.37","United States","Lake Oswego","4/4/2015","4/6/2015","14.0898","true","5","20.42","89584"
"26241","Low","0.07","2.12","1.99","115","Dwight M Carr","Fuji Slim Jewel Case CD-R","0.55","United States","Mcminnville","4/9/2015","4/11/2015","-55.84","false","12","26.07","89585"
"1074","High","0.03","4.26","1.2","117","Linda Weiss","Dixon Prang® Watercolor Pencils, 10-Color Set with Brush","0.44","United States","Seattle","1/3/2015","1/4/2015","9.82","true","29","122.23","7909"
"1950","Medium","0.01","4.91","0.5","117","Linda Weiss","Avery 493","0.36","United States","Seattle","4/4/2015","4/6/2015","112.06","true","47","228.46","13959"
"1951","Medium","0.09","4","1.3","117","Linda Weiss","EcoTones® Memo Sheets","0.37","United States","Seattle","4/4/2015","4/6/2015","16.79","true","19","77.61","13959"
"8241","Low","0.07","2.12","1.99","117","Linda Weiss","Fuji Slim Jewel Case CD-R","0.55","United States","Seattle","4/9/2015","4/11/2015","-55.84","false","46","99.94","58914"
"20688","High","0.05","6.3","0.5","120","Helen H Murphy","Avery 51","0.39","United States","Layton","1/12/2015","1/13/2015","41.2965","true","10","59.85","86520"
"20689","High","0.09","205.99","3","120","Helen H Murphy","6185","0.58","United States","Layton","1/12/2015","1/14/2015","1179.0237","true","10","1708.73","86520"
"19942","Critical","0.06","8.57","6.14","123","Shawn Stern","Acme® Office Executive Series Stainless Steel Trimmers","0.59","United States","Tysons Corner","4/9/2015","4/10/2015","105.678","true","11","94.97","90669"
"24319","Not Specified","0.02","1.74","4.08","129","Kara Allison","Eldon Regeneration Recycled Desk Accessories, Smoke","0.53","United States","Alton","1/27/2015","1/28/2015","-37.39","false","5","10.23","86693"
"18161","Not Specified","0.07","15.74","1.39","129","Kara Allison","#10-4 1/8"" x 9 1/2"" Premium Diagonal Seam Envelopes","0.4","United States","Alton","5/25/2015","5/26/2015","149.8887","true","14","217.23","86694"
"25762","Critical","0.04","18.97","9.54","136","Dale Gillespie","Xerox 1939","0.37","United States","Petaluma","5/16/2015","5/17/2015","3.04","true","5","101.74","88534"
"25764","Critical","0.09","10.98","3.37","136","Dale Gillespie","Fiskars® Softgrip Scissors","0.57","United States","Petaluma","5/16/2015","5/17/2015","2.706","true","8","84.52","88534"
"24803","Critical","0.03","22.84","11.54","142","Brooke Weeks Taylor","Xerox 1964","0.39","United States","Ansonia","6/2/2015","6/3/2015","91.956","true","13","312.59","91087"
"24805","Critical","0.05","10.98","3.37","144","Marguerite Moss","Fiskars® Softgrip Scissors","0.57","United States","Yarmouth","6/2/2015","6/3/2015","-2.544","false","6","64.4","91087"
"24849","Medium","0.06","7.04","2.17","145","Rhonda Ivey","Wirebound Message Books, 2 7/8"" x 5"", 3 Forms per Page","0.38","United States","West Mifflin","1/15/2015","1/17/2015","2.4852","true","2","14.65","91086"
"25582","Low","0.07","154.13","69","145","Rhonda Ivey","Laminate Occasional Tables","0.68","United States","West Mifflin","3/16/2015","3/16/2015","-634.7341","false","3","453.62","91089"
"23365","Not Specified","0.01","45.98","4.8","146","Yvonne Fox","Tenex B1-RE Series Chair Mats for Low Pile Carpets","0.68","United States","Watauga","3/12/2015","3/13/2015","133.5771","true","4","193.59","91088"
"22907","Medium","0.06","180.98","26.2","146","Yvonne Fox","Global Ergonomic Managers Chair","0.59","United States","Watauga","4/23/2015","4/24/2015","251.4084","true","5","929.57","91090"
"19058","Critical","0.09","32.98","5.5","151","Geoffrey Zhu","PC Concepts 116 Key Quantum 3000 Keyboard","0.75","United States","Kingsport","1/22/2015","1/23/2015","-20.258","false","2","62.46","89521"
"20679","High","0.09","5.98","2.5","151","Geoffrey Zhu","Wausau Papers Astrobrights® Colored Envelopes","0.36","United States","Kingsport","4/20/2015","4/22/2015","13.896","true","5","28.11","89523"
"21103","Critical","0.09","2.88","0.7","152","Kent Kerr","Newell 335","0.56","United States","Knoxville","1/15/2015","1/16/2015","-172.718","false","2","5.5","89520"
"22243","Low","0.01","79.52","48.2","152","Kent Kerr","Eldon Cleatmat Plus™ Chair Mats for High Pile Carpets","0.74","United States","Knoxville","4/19/2015","4/26/2015","-40.684","false","8","667.84","89522"
"21767","High","0.01","65.99","8.99","152","Kent Kerr","StarTAC Analog","0.6","United States","Knoxville","3/29/2015","4/1/2015","97.86","true","5","292.23","89524"
"22470","Low","0.1","39.98","4","152","Kent Kerr","Microsoft Natural Keyboard Elite","0.7","United States","Knoxville","6/18/2015","6/22/2015","360.24","true","21","772.56","89525"
"22329","Critical","0.01","95.99","4.9","156","Diana Xu","T60","0.56","United States","Fort Collins","5/14/2015","5/15/2015","713.88","true","13","1050.08","87671"
"20324","High","0.03","10.89","4.5","156","Diana Xu","Belkin 6 Outlet Metallic Surge Strip","0.59","United States","Fort Collins","1/25/2015","1/26/2015","-18.64","false","3","33.82","87672"
"26102","Medium","0.05","100.98","35.84","164","Robin Kramer Vaughn","Bush Westfield Collection Bookcases, Fully Assembled","0.62","United States","Richland","1/2/2015","1/4/2015","-111.4","false","7","715.55","89961"
"26103","Medium","0.02","4.98","5.49","164","Robin Kramer Vaughn","Xerox 1952","0.38","United States","Richland","1/2/2015","1/3/2015","-77.03","false","9","45.63","89961"
"21040","Low","0.08","399.98","12.06","166","Vicki Hauser","Okidata ML320 Series Turbo Dot Matrix Printers","0.56","United States","Lebanon","1/11/2015","1/18/2015","28.5141","true","5","1839.91","89426"
"19315","Low","0.08","43.22","16.71","169","Janice Cole","Fellowes Mobile Numeric Keypad, Graphite","0.66","United States","Baton Rouge","1/3/2015","1/5/2015","280.27458","true","3","130.62","87463"
"19316","Low","0.05","574.74","24.49","169","Janice Cole","Polycom ViaVideo™ Desktop Video Communications Unit","0.37","United States","Baton Rouge","1/3/2015","1/10/2015","-112.4263","false","12","6945.16","87463"
"19317","Low","0.04","10.14","2.27","169","Janice Cole","Staples Wirebound Steno Books, 6"" x 9"", 12/Pack","0.36","United States","Baton Rouge","1/3/2015","1/7/2015","24.924","true","3","30.94","87463"
"19314","Critical","0.05","1.88","1.49","171","Christina Matthews","Staples® General Use 3-Ring Binders","0.37","United States","Fort Lee","4/13/2015","4/15/2015","-2.9095","false","1","3.42","87464"
"5361","Critical","0.02","49.99","19.99","181","Wesley Waller","Zoom V.92 USB External Faxmodem","0.41","United States","San Francisco","2/21/2015","2/21/2015","-76.89","false","18","901.81","38087"
"522","High","0.07","1.68","1.57","181","Wesley Waller","Newell 323","0.59","United States","San Francisco","5/22/2015","5/23/2015","-35.75","false","116","186.59","3585"
"23361","Critical","0.02","49.99","19.99","184","Phillip Holmes","Zoom V.92 USB External Faxmodem","0.41","United States","Arlington","2/21/2015","2/21/2015","-76.89","false","5","250.5","88360"
"18521","High","0.07","10.06","2.06","188","Alex Harrell","Riverleaf Stik-Withit® Designer Note Cubes®","0.39","United States","Gainesville","5/22/2015","5/22/2015","152.6556","true","23","221.24","88361"
"18522","High","0.07","1.68","1.57","188","Alex Harrell","Newell 323","0.59","United States","Gainesville","5/22/2015","5/23/2015","7.15000000000001","true","29","46.65","88361"
"18817","High","0.1","58.1","1.49","190","Lloyd Norris","Avery Arch Ring Binders","0.38","United States","Arlington Heights","2/12/2015","2/13/2015","113.6499","true","3","164.71","89092"
"18818","High","0.01","80.48","4.5","191","Gerald Kearney","APC 7 Outlet Network SurgeArrest Surge Protector","0.55","United States","Aurora","2/12/2015","2/15/2015","-35.4744","false","1","79.68","89092"
"20520","Not Specified","0.05","3.8","1.49","191","Gerald Kearney","Durable Pressboard Binders","0.38","United States","Aurora","4/9/2015","4/11/2015","14.467","true","14","53.26","89093"
"20521","Not Specified","0.09","30.73","4","191","Gerald Kearney","Fellowes 17-key keypad for PS/2 interface","0.75","United States","Aurora","4/9/2015","4/9/2015","-99.9864","false","7","203.49","89093"
"20522","Not Specified","0","125.99","8.08","191","Gerald Kearney","StarTAC ST7762","0.57","United States","Aurora","4/9/2015","4/10/2015","1348.59672","true","22","2356.01","89093"
"19663","Not Specified","0","213.45","14.7","193","Danny Hong","Panasonic KX-P2130 Dot Matrix Printer","0.59","United States","Layton","1/3/2015","1/5/2015","-560.81418","false","1","224.12","90430"
"20645","Medium","0.07","6.54","5.27","193","Danny Hong","Wilson Jones® Four-Pocket Poly Binders","0.36","United States","Layton","3/30/2015","4/1/2015","-66.0445","false","21","140.3","90432"
"24273","Not Specified","0.02","6.48","9.17","194","Tammy Goldman","Xerox 1996","0.37","United States","Lehi","1/10/2015","1/11/2015","-105.6852","false","4","28.2","90431"
"20646","Medium","0.09","3.29","1.35","194","Tammy Goldman","Acco® Hot Clips™ Clips to Go","0.4","United States","Lehi","3/30/2015","4/1/2015","15.66","true","23","71.55","90432"
"25158","Critical","0","161.55","19.99","197","Samantha Weaver","Fellowes Super Stor/Drawer® Files","0.66","United States","Overland Park","4/2/2015","4/4/2015","1167.158","true","19","3108.98","88921"
"7158","Critical","0","161.55","19.99","198","Leroy Blanchard","Fellowes Super Stor/Drawer® Files","0.66","United States","Detroit","4/2/2015","4/4/2015","1014.92","true","77","12599.55","51072"
"22136","Not Specified","0.09","12.28","4.86","202","Max Small","Xerox 1933","0.38","United States","Bartlesville","4/27/2015","4/28/2015","1.73","true","3","34.65","88971"
"18783","High","0.03","7.37","5.53","202","Max Small","Imation 3.5"" Unformatted DS/HD Diskettes, 10/Box","0.69","United States","Bartlesville","1/16/2015","1/18/2015","-133.7","false","11","85.79","88972"
"21401","Low","0.05","1.86","2.58","210","Floyd Dale","Super Bands, 12/Pack","0.82","United States","Troy","1/17/2015","1/21/2015","-66.62","false","9","17.61","85965"
"23097","Medium","0.09","5.4","7.78","210","Floyd Dale","3M Organizer Strips","0.37","United States","Troy","6/2/2015","6/2/2015","-21.48775","false","4","27.3","85966"
"23098","Medium","0.02","20.28","6.68","210","Floyd Dale","Seth Thomas 8 1/2"" Cubicle Clock","0.53","United States","Troy","6/2/2015","6/2/2015","44.6775","true","3","64.75","85966"
"23099","Medium","0","11.55","2.36","210","Floyd Dale","Newell 309","0.55","United States","Troy","6/2/2015","6/3/2015","23.595","true","5","62.98","85966"
"23605","Medium","0.01","10.06","2.06","211","Anna Wood","Riverleaf Stik-Withit® Designer Note Cubes®","0.39","United States","Utica","1/6/2015","1/8/2015","7.59","true","2","21.2","85964"
"23606","Medium","0","65.99","5.92","211","Anna Wood","252","0.55","United States","Utica","1/6/2015","1/8/2015","-107.987","false","3","173.32","85964"
"23100","Medium","0.05","2.08","2.56","211","Anna Wood","Kleencut® Forged Office Shears by Acme United Corporation","0.55","United States","Utica","6/2/2015","6/3/2015","-36.25","false","20","42.29","85966"
"26303","Medium","0.05","119.99","56.14","218","Frances Saunders","Hewlett-Packard 2600DN Business Color Inkjet Printer","0.39","United States","Murray","6/9/2015","6/11/2015","-102.5121","false","6","730.37","88048"
"21203","Medium","0.03","60.89","32.41","228","Colleen Andrews","Global Push Button Manager's Chair, Indigo","0.56","United States","Mint Hill","4/2/2015","4/3/2015","36.354","true","7","450.49","88527"
"25500","Medium","0.07","5.81","8.49","233","Michele Bullard","Fellowes Black Plastic Comb Bindings","0.39","United States","Orland Park","2/20/2015","2/22/2015","-243.2365","false","10","58.8","90237"
"25501","Medium","0.04","9.65","6.22","233","Michele Bullard","Eldon Expressions™ Desk Accessory, Wood Pencil Holder, Oak","0.55","United States","Orland Park","2/20/2015","2/21/2015","-53.62","false","12","120.47","90237"
"23058","Critical","0.06","279.81","23.19","234","Don Cameron","Sanyo 2.5 Cubic Foot Mid-Size Office Refrigerators","0.59","United States","Newton","2/5/2015","2/6/2015","1103.9724","true","6","1599.96","90236"
"25121","High","0.03","28.53","1.49","234","Don Cameron","Lock-Up Easel 'Spel-Binder'","0.38","United States","Newton","3/27/2015","3/29/2015","136.3371","true","7","197.59","90238"
"25122","High","0.01","15.28","1.99","234","Don Cameron","Memorex 4.7GB DVD+R, 3/Pack","0.42","United States","Newton","3/27/2015","3/29/2015","-12.46","false","2","33.04","90238"
"22044","Low","0.06","3.34","7.49","234","Don Cameron","Eldon Spacemaker® Box, Quick-Snap Lid, Clear","0.54","United States","Newton","4/28/2015","4/30/2015","-175.86","false","8","27.45","90239"
"18885","Not Specified","0","442.14","14.7","236","Shawn McIntyre","Okidata ML390 Turbo Dot Matrix Printers","0.56","United States","Louisville","2/22/2015","2/22/2015","3294.8259","true","10","4775.11","86621"
"24327","Medium","0.1","19.98","5.77","240","Gilbert Scarborough","Xerox Blank Computer Paper","0.38","United States","Fountain","4/20/2015","4/20/2015","35.09","true","3","57.41","90479"
"24328","Medium","0.06","259.71","66.67","241","Amy Ellis Holder","Bevis Round Bullnose 29"" High Table Top","0.61","United States","Grand Junction","4/20/2015","4/21/2015","785.63","true","11","2809.87","90479"
"25264","Low","0.01","5.94","9.92","241","Amy Ellis Holder","Storex Dura Pro™ Binders","0.38","United States","Grand Junction","5/26/2015","6/2/2015","-256.519","false","13","79.93","90480"
"25265","Low","0.02","125.99","3","241","Amy Ellis Holder","270c","0.59","United States","Grand Junction","5/26/2015","5/26/2015","398.358","true","8","873.18","90480"
"18849","Medium","0.02","146.05","80.2","247","Marshall Brandt Briggs","BPI Conference Tables","0.71","United States","Maryville","2/23/2015","2/23/2015","-101.192","false","5","798.69","89139"
"18850","Medium","0.06","65.99","5.92","247","Marshall Brandt Briggs","252","0.55","United States","Maryville","2/23/2015","2/24/2015","-3.33200000000003","false","14","792.11","89139"
"18842","Medium","0.09","2.88","0.99","247","Marshall Brandt Briggs","Avery 514","0.36","United States","Maryville","3/21/2015","3/23/2015","-145.082","false","10","28.73","89140"
"18773","Critical","0.02","2.58","1.3","250","Brenda Nelson Blanchard","DIXON Oriole® Pencils","0.59","United States","Richfield","5/28/2015","5/29/2015","1.108","true","39","109.74","87214"
"18774","Critical","0.02","65.99","3.9","250","Brenda Nelson Blanchard","StarTAC Series","0.55","United States","Richfield","5/28/2015","5/29/2015","1061.379","true","27","1543.55","87214"
"18801","Medium","0.1","280.98","35.67","254","Brett Hawkins","Global Adaptabilities™ Conference Tables","0.66","United States","Highlands Ranch","6/10/2015","6/11/2015","-53.745","false","5","1332.82","86268"
"20577","Critical","0.03","8.34","2.64","256","Irene Li","Acme® Elite Stainless Steel Scissors","0.59","United States","Hanover","1/31/2015","2/2/2015","0.683999999999999","true","4","34.64","86267"
"24498","Medium","0.05","17.48","1.99","258","Allan Shields","Maxell Pro 80 Minute CD-R, 10/Pack","0.45","United States","Seminole","1/2/2015","1/4/2015","-127.008","false","3","52.47","85858"
"18011","Low","0.09","2.88","0.7","259","Edward Pugh","Newell 340","0.56","United States","Santa Fe","1/19/2015","1/19/2015","5.7532","true","10","26.38","85857"
"22370","High","0.05","31.76","45.51","263","Carlos Hess","Hon iLevel™ Computer Training Table","0.65","United States","Cleveland Heights","1/21/2015","1/23/2015","-2177.986096","false","9","304.34","86297"
"20858","Not Specified","0","73.98","12.14","266","Ross Frederick","Keytronic 105-Key Spanish Keyboard","0.67","United States","San Antonio","5/18/2015","5/20/2015","326.25","true","17","1300.81","90593"
"19823","Medium","0.08","6.48","7.03","266","Ross Frederick","Xerox 214","0.37","United States","San Antonio","5/15/2015","5/16/2015","8.93200000000001","true","10","67.86","90594"
"19824","Medium","0.01","20.34","35","266","Ross Frederick","Tennsco Commercial Shelving","0.84","United States","San Antonio","5/15/2015","5/16/2015","229.638","true","33","747.28","90594"
"18770","Low","0.02","5.58","5.3","268","James Beck","Staples Brown Kraft Recycled Clasp Envelopes","0.35","United States","Flagstaff","4/7/2015","4/12/2015","-22.48","false","3","18.67","88941"
"18771","Low","0.03","40.89","18.98","268","James Beck","Eldon Executive Woodline II Cherry Finish Desk Accessories","0.57","United States","Flagstaff","4/7/2015","4/14/2015","78.98","true","5","210.77","88941"
"23059","Low","0.09","35.94","6.66","269","Calvin Boyette","Tyvek ® Top-Opening Peel & Seel ® Envelopes, Gray","0.4","United States","Gilbert","6/5/2015","6/10/2015","144.2928","true","6","209.12","88942"
"23060","Low","0","170.98","13.99","269","Calvin Boyette","Tenex Antistatic Computer Chair Mats","0.75","United States","Gilbert","6/5/2015","6/12/2015","888.1473","true","7","1287.17","88942"
"23061","Low","0.09","4.98","7.44","269","Calvin Boyette","Xerox 1922","0.36","United States","Gilbert","6/5/2015","6/7/2015","-46.005","false","9","46.17","88942"
"19515","Medium","0.1","80.97","30.06","271","Sam Rouse","Hewlett-Packard Deskjet 940 REFURBISHED Color Inkjet Printer","0.4","United States","Forest Park","3/30/2015","3/31/2015","128.0253","true","12","899.81","88940"
"770","Low","0.02","5.58","5.3","272","Eleanor Swain","Staples Brown Kraft Recycled Clasp Envelopes","0.35","United States","Charlotte","4/7/2015","4/12/2015","-29.8984","false","11","68.46","5509"
"771","Low","0.03","40.89","18.98","272","Eleanor Swain","Eldon Executive Woodline II Cherry Finish Desk Accessories","0.57","United States","Charlotte","4/7/2015","4/14/2015","52.9166","true","21","885.23","5509"
"5059","Low","0.09","35.94","6.66","272","Eleanor Swain","Tyvek ® Top-Opening Peel & Seel ® Envelopes, Gray","0.4","United States","Charlotte","6/5/2015","6/10/2015","72.1858","true","24","836.47","36069"
"5061","Low","0.09","4.98","7.44","272","Eleanor Swain","Xerox 1922","0.36","United States","Charlotte","6/5/2015","6/7/2015","-122.3733","false","37","189.83","36069"
"22180","Not Specified","0.09","15.28","10.91","275","Roger Blalock Cassidy","Recycled Premium Regency Composition Covers","0.36","United States","Fairfield","1/24/2015","1/25/2015","-51.75","false","4","61.52","89292"
"23504","Critical","0.04","1.98","0.7","276","Lucille Rankin","Brites Rubber Bands, 1 1/2 oz. Box","0.83","United States","Newington","5/21/2015","5/22/2015","-1","false","3","8.3","89291"
"23503","Critical","0.03","55.99","5","282","Vickie Andrews","Accessory36","0.83","United States","Belleville","5/21/2015","5/22/2015","-221.254","false","9","416.95","89291"
"24512","High","0.1","1.68","1.57","283","Pauline Boyette","Newell 323","0.59","United States","Newark","6/17/2015","6/18/2015","-11.57","false","11","18.71","89293"
"19168","Low","0","4.13","5.34","286","Virginia Gay","ACCOHIDE® Binder by Acco","0.38","United States","Shawnee","6/17/2015","6/21/2015","-61.87","false","9","40.95","89761"
"19169","Low","0.1","130.98","54.74","286","Virginia Gay","O'Sullivan Elevations Bookcase, Cherry Finish","0.69","United States","Shawnee","6/17/2015","6/21/2015","-530.24","false","9","1155.73","89761"
"25624","Critical","0.09","28.48","1.99","288","Patricia Cole Blair","Memorex 4.7GB DVD+RW, 3/Pack","0.4","United States","Wichita","1/16/2015","1/19/2015","132.687","true","7","192.3","89762"
"25625","Critical","0.08","65.99","4.99","288","Patricia Cole Blair","MicroTAC 650","0.58","United States","Wichita","1/16/2015","1/18/2015","496.89","true","14","748.1","89762"
"21223","Not Specified","0.04","4.98","4.62","290","Sara O'Connor","Imation 3.5"", DISKETTE 44766 HGHLD3.52HD/FM, 10/Pack","0.64","United States","Loveland","3/25/2015","3/26/2015","-135.16","false","20","102.54","90837"
"23302","High","0.01","8.33","1.99","306","Thomas McAllister","80 Minute Slim Jewel Case CD-R , 10/Pack - Staples","0.52","United States","Pikesville","2/14/2015","2/15/2015","15.8952","true","8","70.16","87057"
"23303","High","0.04","85.99","0.99","306","Thomas McAllister","Accessory34","0.55","United States","Pikesville","2/14/2015","2/16/2015","855.9933","true","17","1240.57","87057"
"5302","High","0.01","8.33","1.99","308","Glen Caldwell","80 Minute Slim Jewel Case CD-R , 10/Pack - Staples","0.52","United States","Seattle","2/14/2015","2/15/2015","10.74","true","32","280.62","37760"
"18853","Medium","0.04","1637.53","24.49","314","Ruby Gibbons","High Speed Automatic Electric Letter Opener","0.81","United States","Forest Park","3/20/2015","3/22/2015","-1759.58","false","2","3206.94","89166"
"18852","Medium","0.01","19.98","4","315","Benjamin Kaufman","Belkin 105-Key Black Keyboard","0.68","United States","Belchertown","3/20/2015","3/20/2015","-72.23","false","2","43.08","89166"
"18032","Not Specified","0.09","7.38","5.21","317","Katherine Kearney","Eldon® Expressions™ Wood Desk Accessories, Oak","0.56","United States","Lemon Grove","6/17/2015","6/18/2015","-27.16","false","9","66.55","86041"
"18033","Not Specified","0.04","5.98","5.15","317","Katherine Kearney","Xerox 193","0.36","United States","Lemon Grove","6/17/2015","6/18/2015","-52.344","false","17","103.49","86041"
"18034","Not Specified","0.04","15.42","10.68","317","Katherine Kearney","Decoflex Hanging Personal Folder File, Blue","0.58","United States","Lemon Grove","6/17/2015","6/18/2015","-119.936","false","12","192.18","86041"
"20641","Low","0.04","8.33","1.99","321","Arthur Lowe Nash","80 Minute Slim Jewel Case CD-R , 10/Pack - Staples","0.52","United States","Potomac","4/4/2015","4/9/2015","9.9268","true","11","89.76","91057"
"25111","Not Specified","0.06","7.99","5.03","326","Brenda May","Bell Sonecor JB700 Caller ID","0.6","United States","Batavia","6/9/2015","6/10/2015","-29.172","false","4","28.46","90973"
"19159","Medium","0.06","296.18","54.12","329","Faye Dyer","Hon 94000 Series Round Tables","0.76","United States","Sanford","4/14/2015","4/15/2015","-715.778206","false","5","1170.21","89726"
"19158","Medium","0.01","29.1","4","331","Bradley Pollock","Acco Keyboard-In-A-Box®","0.78","United States","Goffstown","4/14/2015","4/16/2015","-22.82","false","8","243.32","89726"
"18261","Critical","0.06","276.2","24.49","335","Curtis O'Connell","SAFCO Arco Folding Chair","","United States","Medford","5/4/2015","5/5/2015","2639.4708","true","14","3825.32","87277"
"18262","Critical","0.09","6.28","5.29","335","Curtis O'Connell","Eldon® 200 Class™ Desk Accessories, Burgundy","0.43","United States","Medford","5/4/2015","5/4/2015","-5.2","false","1","8.53","87277"
"23481","Medium","0.08","7.77","9.23","339","Bobby Clements","Hoover Commercial Soft Guard Upright Vacuum And Disposable Filtration Bags","0.58","United States","Columbus","3/17/2015","3/18/2015","-83.65","false","5","40.3","90583"
"23482","Medium","0.07","7.59","4","339","Bobby Clements","Master Giant Foot® Doorstop, Safety Yellow","0.42","United States","Columbus","3/17/2015","3/19/2015","24.39","true","15","111.88","90583"
"480","Critical","0.01","3.26","1.86","342","Jacqueline Noble","Avery Hi-Liter GlideStik Fluorescent Highlighter, Yellow Ink","0.41","United States","Miami","5/4/2015","5/6/2015","-4.6683","false","20","73.97","3332"
"22784","Critical","0.03","15.23","27.75","343","Lynn Epstein","Anderson Hickey Conga Table Tops & Accessories","0.76","United States","Bangor","1/31/2015","2/1/2015","11.65095","true","7","111.86","88151"
"18480","Critical","0.01","3.26","1.86","344","Rosemary English","Avery Hi-Liter GlideStik Fluorescent Highlighter, Yellow Ink","0.41","United States","Portland","5/4/2015","5/6/2015","0.702000000000001","true","5","18.49","88152"
"2408","Critical","0","8.34","2.64","349","Kim Weiss","Acme® Elite Stainless Steel Scissors","0.59","United States","Miami","6/9/2015","6/11/2015","5.8625","true","23","212.89","17446"
"1595","Medium","0.04","99.23","8.99","349","Kim Weiss","GE 48"" Fluorescent Tube, Cool White Energy Saver, 34 Watts, 30/Box","0.35","United States","Miami","1/2/2015","1/4/2015","1916.6757","true","54","5555.6","11527"
"20408","Critical","0","8.34","2.64","351","Juanita Coley Knox","Acme® Elite Stainless Steel Scissors","0.59","United States","Watertown","6/9/2015","6/11/2015","10.5","true","6","55.54","88685"
"19595","Medium","0.04","99.23","8.99","351","Juanita Coley Knox","GE 48"" Fluorescent Tube, Cool White Energy Saver, 34 Watts, 30/Box","0.35","United States","Watertown","1/2/2015","1/4/2015","993.8346","true","14","1440.34","88686"
"19107","Low","0.08","4.89","4.93","353","Bonnie Chambers","Maxell 3.5"" DS/HD IBM-Formatted Diskettes, 10/Pack","0.66","United States","Glendale","5/14/2015","5/14/2015","-165.45","false","17","84.76","89647"
"19108","Low","0.07","6.68","6.92","353","Bonnie Chambers","Xerox 1898","0.37","United States","Glendale","5/14/2015","5/21/2015","-141.12","false","16","104.84","89647"
"20760","Critical","0.07","124.49","51.94","357","Barbara McNamara","Bevis 36 x 72 Conference Tables","0.63","United States","Kingman","5/24/2015","5/25/2015","1074.44","true","14","1714.93","91131"
"24627","Low","0.04","125.99","8.99","358","Chris F Brandt","M70","0.59","United States","King of Prussia","1/9/2015","1/16/2015","-627.82192","false","1","107.95","91130"
"18278","Medium","0.05","328.14","91.05","366","Patrick Rosenthal","Sanyo Counter Height Refrigerator with Crisper, 3.6 Cubic Foot, Stainless Steel/Black","0.57","United States","Cranston","1/17/2015","1/19/2015","411.5172","true","6","1967.98","87347"
"24794","Low","0.09","19.23","6.15","369","Troy Moon","Executive Impressions 13"" Clairmont Wall Clock","0.44","United States","Oakland","4/11/2015","4/13/2015","211.232","true","21","394.1","90292"
"20401","Not Specified","0.02","20.99","4.81","370","Sam Oh","1726 Digital Answering Machine","0.58","United States","Lewiston","5/27/2015","5/29/2015","49.788","true","15","266.39","90291"
"20400","Not Specified","0.05","5.4","7.78","371","Roberta Mullins Peters","3M Organizer Strips","0.37","United States","Everett","5/27/2015","5/29/2015","-132.6295","false","9","51.82","90291"
"3392","Not Specified","0.02","200.98","55.96","373","Jeanne Werner","O'Sullivan Living Dimensions 3-Shelf Bookcases","0.75","United States","Detroit","3/14/2015","3/16/2015","-163.63","false","45","9539.6","24193"
"3393","Not Specified","0.02","4.28","5.17","373","Jeanne Werner","Xerox 1971","0.4","United States","Detroit","3/14/2015","3/15/2015","-63.87","false","24","109.86","24193"
"3394","Not Specified","0.04","85.99","0.99","373","Jeanne Werner","Accessory4","0.85","United States","Detroit","3/14/2015","3/16/2015","-175.175","false","19","1426.51","24193"
"21392","Not Specified","0.02","200.98","55.96","375","Sandra Sharma","O'Sullivan Living Dimensions 3-Shelf Bookcases","0.75","United States","Morristown","3/14/2015","3/16/2015","-224.9478","false","11","2331.9","90917"
"21393","Not Specified","0.02","4.28","5.17","375","Sandra Sharma","Xerox 1971","0.4","United States","Morristown","3/14/2015","3/15/2015","196.8","true","6","27.47","90917"
"19073","Medium","0.03","25.98","5.37","377","Sylvia Bush","3M Office Air Cleaner","0.5","United States","Batavia","4/17/2015","4/17/2015","250.0376","true","17","460.87","89579"
"22401","Not Specified","0.07","415.88","11.37","381","Danielle Watts","Deluxe Rollaway Locking File with Drawer","0.57","United States","Bloomington","5/1/2015","5/1/2015","-539.59","false","1","394.51","88929"
"21281","Critical","0.06","5.34","5.63","383","Renee Alston","Pressboard Data Binder, Crimson, 12"" X 8 1/2""","0.39","United States","Drexel Hill","3/19/2015","3/19/2015","-82.823","false","7","38.65","88928"
"21282","Critical","0.07","65.99","5.26","383","Renee Alston","8860","0.56","United States","Drexel Hill","3/19/2015","3/21/2015","107.082","true","5","279.83","88928"
"20919","High","0.1","8.88","6.28","387","Angela Howe","GBC Instant Index™ System for Binding Systems","0.35","United States","Grand Island","6/12/2015","6/14/2015","-27.28375","false","15","126.9","90339"
"22223","Critical","0.03","5.28","5.66","388","Roger Schwartz","Xerox 4200 Series MultiUse Premium Copy Paper (20Lb. and 84 Bright)","0.4","United States","Kearney","1/3/2015","1/5/2015","-51.5592","false","4","22.82","90337"
"22224","Critical","0.01","110.99","2.5","388","Roger Schwartz","T18","0.57","United States","Kearney","1/3/2015","1/6/2015","-263.56572","false","2","188.66","90337"
"23853","Low","0.03","160.98","30","389","Joel Buckley","Office Star - Mid Back Dual function Ergonomic High Back Chair with 2-Way Adjustable Arms","0.62","United States","Lincoln","2/6/2015","2/10/2015","1273.2087","true","11","1845.23","90338"
"25449","Medium","0.02","34.98","7.53","392","Erica R Fuller","Fellowes EZ Multi-Media Keyboard","0.76","United States","Clayton","3/5/2015","3/7/2015","-159.68","false","1","37.16","86383"
"25450","Medium","0.01","19.99","11.17","392","Erica R Fuller","Telescoping Adjustable Floor Lamp","0.6","United States","Clayton","3/5/2015","3/8/2015","27.91","true","2","43.65","86383"
"22598","Low","0.07","9.71","9.45","393","Shawn Combs","Filing/Storage Totes and Swivel Casters","0.6","United States","Auburn","2/15/2015","2/22/2015","-81.77","false","3","31.44","86382"
"24638","Critical","0.04","15.98","4","395","Monica McCormick","Logitech Access Keyboard","0.37","United States","Albemarle","6/18/2015","6/19/2015","-19.208","false","4","64.59","86384"
"24639","Critical","0.06","22.84","5.47","395","Monica McCormick","Xerox 1929","0.39","United States","Albemarle","6/18/2015","6/20/2015","7.44","true","20","461.94","86384"
"20693","Critical","0.1","154.13","69","397","Denise Carver","Laminate Occasional Tables","0.68","United States","Cuyahoga Falls","2/2/2015","2/3/2015","-372.485971","false","8","1216.32","89319"
"24471","Medium","0.05","63.94","14.48","398","Bruce Stark","Howard Miller 16"" Diameter Gallery Wall Clock","0.46","United States","Dayton","5/23/2015","5/25/2015","1372.6308","true","31","1989.32","89320"
"21570","High","0.03","4.98","0.8","406","June Frank Hammond","Rediform S.O.S. Phone Message Books","0.36","United States","South Vineland","5/21/2015","5/22/2015","50.2044","true","15","72.76","87804"
"19104","Low","0.07","29.17","6.27","408","Calvin Parsons Walter","Binding Machine Supplies","0.37","United States","San Juan","5/2/2015","5/6/2015","236.2371","true","14","400.47","89639"
"18428","High","0.05","178.47","19.99","411","Carolyn Proctor","Hot File® 7-Pocket, Floor Stand","0.55","United States","Oakland","5/4/2015","5/7/2015","943","true","9","1531.31","87905"
"21739","Critical","0.09","999.99","13.99","421","Scott Feldman","Polycom Soundstation EX Audio-Conferencing Telephone, Black","0.36","United States","Elizabeth","2/6/2015","2/8/2015","-2531.4825","false","1","919.09","87700"
"22355","High","0.02","15.28","1.99","428","Ernest Barber","Memorex 4.7GB DVD+R, 3/Pack","0.42","United States","Carson City","1/15/2015","1/16/2015","163.1574","true","15","236.46","88479"
"22356","High","0","85.99","3.3","428","Ernest Barber","Accessory20","0.37","United States","Carson City","1/15/2015","1/16/2015","-302.225","false","1","73.82","88479"
"25351","Not Specified","0.05","10.98","4.8","428","Ernest Barber","Manila Recycled Extra-Heavyweight Clasp Envelopes, 6"" x 9""","0.36","United States","Carson City","3/3/2015","3/5/2015","90.62","true","22","243.11","88480"
"19988","Low","0.05","125.99","8.08","437","Alice Berger McIntyre","StarTAC ST7762","0.57","United States","Lunenburg","6/22/2015","6/27/2015","427.1184","true","9","952.26","90695"
"25813","Critical","0","7.59","4","444","Thelma Abrams","Master Giant Foot® Doorstop, Safety Yellow","0.42","United States","Urbana","5/25/2015","5/28/2015","86.438","true","43","355.92","88085"
"23153","Not Specified","0.03","48.04","19.99","445","Judy Barrett","14-7/8 x 11 Blue Bar Computer Printout Paper","0.37","United States","Norfolk","4/11/2015","4/13/2015","-4.45999999999999","false","2","101.71","88083"
"23862","High","0.09","200.98","55.96","445","Judy Barrett","O'Sullivan Living Dimensions 3-Shelf Bookcases","0.75","United States","Norfolk","6/23/2015","6/24/2015","-512.872","false","9","1766.68","88084"
"23863","High","0.09","2.78","0.97","445","Judy Barrett","Newell 333","0.59","United States","Norfolk","6/23/2015","6/24/2015","-3.784","false","11","29.02","88084"
"19694","Not Specified","0.04","130.98","30","447","Valerie Moon","Office Star - Contemporary Task Swivel chair with 2-way adjustable arms, Plum","0.78","United States","Roseville","6/25/2015","6/28/2015","-82.904","false","1","159.51","90449"
"19695","Not Specified","0.05","200.99","4.2","447","Valerie Moon","2160i","0.59","United States","Roseville","6/25/2015","6/25/2015","1268.8065","true","11","1838.85","90449"
"20851","High","0.03","15.99","11.28","451","Joyce Murray","210 Trimline Phone, White","0.38","United States","Los Altos","4/10/2015","4/11/2015","-53.2962","false","2","35.48","86010"
"21117","Critical","0.04","37.7","2.99","451","Joyce Murray","Vinyl Sectional Post Binders","0.35","United States","Los Altos","5/27/2015","5/28/2015","299.6739","true","12","434.31","86012"
"18536","Low","0.01","8.88","6.28","451","Joyce Murray","GBC Instant Index™ System for Binding Systems","0.35","United States","Los Altos","1/5/2015","1/10/2015","-15.456","false","2","19.86","86013"
"18537","Low","0.06","2.88","0.99","451","Joyce Murray","Avery 514","0.36","United States","Los Altos","1/5/2015","1/14/2015","16.0494","true","8","23.26","86013"
"21118","Critical","0.01","55.99","5","452","Leslie Rowland","Accessory36","0.83","United States","Los Banos","5/27/2015","5/28/2015","-235.895","false","1","51.83","86012"
"22318","Not Specified","0.03","29.34","7.87","453","George Terry","Seth Thomas 14"" Putty-Colored Wall Clock","0.54","United States","Los Gatos","5/8/2015","5/10/2015","-41.32","false","1","32.4","86011"
"22874","Low","0.07","16.91","6.25","460","Anne Armstrong","Tenex Personal Self-Stacking Standard File Box, Black/Gray","0.58","United States","Millville","5/23/2015","5/30/2015","7.90000000000001","true","31","492.9","86014"
"18467","Low","0.07","165.2","19.99","463","Debbie Stevenson","Economy Rollaway Files","0.59","United States","West Hollywood","1/14/2015","1/16/2015","521.69","true","7","1081.54","88061"
"22754","Not Specified","0.08","297.64","14.7","466","Marc Nash","Panasonic KX-P3200 Dot Matrix Printer","0.57","United States","Bellingham","1/11/2015","1/11/2015","496.7968","true","5","1132.84","88060"
"22755","Not Specified","0.02","12.99","14.37","467","Maria Thomas","Tensor ""Hersey Kiss"" Styled Floor Lamp","0.73","United States","Beverly","1/11/2015","1/12/2015","-556.8096","false","11","143.63","88060"
"22756","Not Specified","0.06","14.42","6.75","468","Craig Bennett","Holmes Odor Grabber","0.52","United States","Hanson","1/11/2015","1/12/2015","-27.7388","false","5","73.04","88060"
"22757","Not Specified","0.05","4.14","6.6","469","Marion Bowling","Eldon Image Series Black Desk Accessories","0.49","United States","Hawthorne","1/11/2015","1/13/2015","-128.6872","false","7","33.35","88060"
"22758","Not Specified","0.03","11.34","5.01","470","Tony Doyle","Xerox 188","0.36","United States","Trenton","1/11/2015","1/11/2015","23.2028","true","5","60.24","88060"
"462","Not Specified","0.07","179.99","19.99","471","Ross Simpson","Motorola SB4200 Cable Modem","0.48","United States","Atlanta","2/8/2015","2/8/2015","-568.5351","false","4","718.03","3138"
"18462","Not Specified","0.07","179.99","19.99","472","Donna Craven","Motorola SB4200 Cable Modem","0.48","United States","Randallstown","2/8/2015","2/8/2015","-427.47","false","1","179.51","88023"
"20637","Critical","0.03","11.97","4.98","483","Edgar McKenzie","Staples 6 Outlet Surge","0.58","United States","Oswego","1/27/2015","1/28/2015","-18.19","false","6","73.18","90353"
"22864","Not Specified","0.06","3.36","6.27","483","Edgar McKenzie","Cardinal Poly Pocket Divider Pockets for Ring Binders","0.4","United States","Oswego","4/23/2015","4/24/2015","-24.05754","false","2","8.82","90354"
"22865","Not Specified","0.07","699.99","24.49","483","Edgar McKenzie","Canon PC1060 Personal Laser Copier","0.41","United States","Oswego","4/23/2015","4/25/2015","2583.56148","true","9","5976.09","90354"
"20668","Not Specified","0.05","2.88","0.5","485","Edward Leonard","Avery 49","0.36","United States","Fresno","3/18/2015","3/20/2015","6.0513","true","3","8.77","91062"
"23394","Medium","0.1","3.36","6.27","487","Molly Vincent","Cardinal Poly Pocket Divider Pockets for Ring Binders","0.4","United States","Sanford","5/18/2015","5/19/2015","-67.0565","false","5","20.87","91063"
"23395","Medium","0.07","12.28","4.86","488","Ronnie Creech","Xerox 1933","0.38","United States","South Portland","5/18/2015","5/20/2015","-7.94","false","2","25.7","91063"
"23393","Medium","0.09","20.99","0.99","489","Eileen Cheek","Accessory25","0.57","United States","Norwood","5/18/2015","5/18/2015","122.292","true","14","229.57","91063"
"1147","Medium","0.08","2.94","0.96","491","Toni Swanson","Newell 343","0.58","United States","New York City","5/15/2015","5/17/2015","-2.12","false","23","66.7","8353"
"1450","Critical","0.01","4.98","6.07","491","Toni Swanson","Xerox 1897","0.36","United States","New York City","2/10/2015","2/11/2015","-69.07","false","41","217","10464"
"914","Critical","0.02","1360.14","14.7","491","Toni Swanson","Okidata ML395C Color Dot Matrix Printer","0.59","United States","New York City","6/20/2015","6/22/2015","2028.12","true","22","31670.6","6562"
"6046","Not Specified","0.02","9.06","9.86","491","Toni Swanson","Southworth 25% Cotton Linen-Finish Paper & Envelopes","0.4","United States","New York City","6/20/2015","6/22/2015","-63.51","false","24","239.82","42852"
"18757","Not Specified","0.02","6.48","6.6","493","Douglas Buck","Xerox 21","0.37","United States","Seatac","1/20/2015","1/22/2015","-92.05","false","10","66.71","88906"
"18758","Not Specified","0.04","17.15","4.96","493","Douglas Buck","Advantus Rolling Storage Box","0.58","United States","Seatac","1/20/2015","1/21/2015","6.11","true","5","87.16","88906"
"19146","Medium","0.06","8.32","2.38","494","Jimmy Alston Holder","Imation 3.5 IBM Formatted Diskettes, 10/Box","0.74","United States","Seattle","5/15/2015","5/17/2015","-36.63","false","12","101.26","88905"
"19147","Medium","0.08","2.94","0.96","494","Jimmy Alston Holder","Newell 343","0.58","United States","Seattle","5/15/2015","5/17/2015","-2.12","false","6","17.4","88905"
"19450","Critical","0.01","4.98","6.07","494","Jimmy Alston Holder","Xerox 1897","0.36","United States","Seattle","2/10/2015","2/11/2015","-35.9164","false","10","52.93","88907"
"18914","Critical","0.02","1360.14","14.7","494","Jimmy Alston Holder","Okidata ML395C Color Dot Matrix Printer","0.59","United States","Seattle","6/20/2015","6/22/2015","3042.18","true","6","8637.44","88908"
"24046","Not Specified","0.02","9.06","9.86","494","Jimmy Alston Holder","Southworth 25% Cotton Linen-Finish Paper & Envelopes","0.4","United States","Seattle","6/20/2015","6/22/2015","-31.755","false","6","59.95","88908"
"26315","Critical","0.07","152.48","6.5","497","Steve McKee","Adesso Programmable 142-Key Keyboard","0.74","United States","Murfreesboro","5/14/2015","5/16/2015","171.8388","true","35","5062.49","90706"
"18303","Critical","0.01","55.98","4.86","507","Carol Saunders","Xerox 1908","0.36","United States","Bowling Green","4/18/2015","4/20/2015","32.9409","true","11","646.97","87357"
"18304","Critical","0.04","65.99","8.99","507","Carol Saunders","Talkabout T8367","0.56","United States","Bowling Green","4/18/2015","4/19/2015","131.334","true","17","946.29","87357"
"21958","High","0.01","20.98","53.03","508","Cameron Owens","Tennsco Lockers, Gray","0.78","United States","Covington","2/23/2015","2/23/2015","-282.0818","false","5","123","87356"
"18305","Critical","0.01","128.24","12.65","508","Cameron Owens","SAFCO Folding Chair Trolley","","United States","Covington","4/18/2015","4/21/2015","140.1354","true","4","554.08","87357"
"19895","Low","0.02","48.04","5.09","510","Gregory Rao","Xerox 1910","0.37","United States","Manteca","1/13/2015","1/13/2015","105.2526","true","3","152.54","90058"
"20007","Critical","0.03","6.37","5.19","510","Gregory Rao","C-Line Peel & Stick Add-On Filing Pockets, 8-3/4 x 5-1/8, 10/Pack","0.38","United States","Manteca","2/1/2015","2/2/2015","-29.0927","false","14","89.79","90059"
"20216","Low","0.07","12.64","4.98","518","Mark Ritchie","Nu-Dell Executive Frame","0.48","United States","Clayton","6/5/2015","6/12/2015","113.415","true","16","199.76","90867"
"23200","Medium","0.02","150.98","13.99","522","Aaron Riggs","Canon MP41DH Printing Calculator","0.38","United States","Redmond","6/22/2015","6/24/2015","26.1","true","3","480.37","89327"
"23201","Medium","0.1","5.43","0.95","522","Aaron Riggs","Wirebound Message Book, 4 per Page","0.36","United States","Redmond","6/22/2015","6/24/2015","-2.58","false","1","5.76","89327"
"23202","Medium","0.01","179.29","29.21","522","Aaron Riggs","Bevis Round Conference Table Top, X-Base","0.74","United States","Redmond","6/22/2015","6/23/2015","2800.12","true","21","3112.13","89327"
"21517","Not Specified","0.03","1270.99","19.99","524","Gina McKnight","Fellowes PB500 Electric Punch Plastic Comb Binding Machine with Manual Bind","0.35","United States","Farragut","1/20/2015","1/22/2015","363.552","true","2","2589.01","91127"
"21518","Not Specified","0.07","2036.48","14.7","524","Gina McKnight","Lexmark 4227 Plus Dot Matrix Printer","0.55","United States","Farragut","1/20/2015","1/22/2015","-11.536","false","1","1893.93","91127"
"22176","High","0.09","17.98","8.51","526","April Hu","Canon P1-DHIII Palm Printing Calculator","0.4","United States","Mesa","5/25/2015","5/27/2015","-6.61200000000001","false","12","211.13","90026"
"20494","Not Specified","0","1.88","1.49","526","April Hu","Staples® General Use 3-Ring Binders","0.37","United States","Mesa","1/17/2015","1/18/2015","-15.5595","false","13","25.39","90027"
"20495","Not Specified","0.06","5.78","5.67","526","April Hu","Xerox 1978","0.36","United States","Mesa","1/17/2015","1/18/2015","-108.19","false","15","87.27","90027"
"26210","Low","0","15.99","13.18","535","Jill Clements","GBC Pre-Punched Binding Paper, Plastic, White, 8-1/2"" x 11""","0.37","United States","Montclair","4/21/2015","4/25/2015","46.488","true","23","403.25","88511"
"20811","Medium","0.05","59.78","10.29","539","Alice Coley","GBC Recycled Regency Composition Covers","0.39","United States","Urbana","5/14/2015","5/15/2015","159.5297","true","7","414.49","91174"
"20812","Medium","0.08","20.99","1.25","540","Ruth Lamm","Accessory29","0.83","United States","Vernon Hills","5/14/2015","5/16/2015","15.3714","true","28","469.69","91174"
"24783","Medium","0.05","204.1","13.99","540","Ruth Lamm","Soundgear Copyboard Conference Phone, Optional Battery","0.37","United States","Vernon Hills","5/23/2015","5/25/2015","5924.1123","true","41","8585.67","91175"
"23401","Not Specified","0.03","13.73","6.85","547","Henry Ball","DAX Wood Document Frame.","0.54","United States","Morgantown","6/14/2015","6/15/2015","39.5853","true","4","57.37","86250"
"25806","Not Specified","0.02","7.1","6.05","549","Dennis Boykin Townsend","Wilson Jones Hanging View Binder, White, 1""","0.39","United States","Roswell","1/20/2015","1/20/2015","-66.378","false","9","66.32","90908"
"24132","High","0.05","1.68","1.57","550","Edna Monroe Talley","Newell 323","0.59","United States","Seguin","1/30/2015","1/31/2015","-33.34","false","11","18.75","90909"
"24133","High","0.1","218.75","69.64","550","Edna Monroe Talley","BoxOffice By Design Rectangular and Half-Moon Meeting Room Tables","0.77","United States","Seguin","1/30/2015","2/1/2015","-201.276","false","1","188.51","90909"
"23209","Medium","0.06","549.99","49","550","Edna Monroe Talley","Sharp 1540cs Digital Laser Copier","0.35","United States","Seguin","6/12/2015","6/13/2015","4637.4072","true","13","6720.88","90910"
"23210","Medium","0.08","115.99","5.99","550","Edna Monroe Talley","2160","0.57","United States","Seguin","6/12/2015","6/13/2015","-239.5415","false","1","102.21","90910"
"24134","High","0","15.04","1.97","551","Peggy Chan","White GlueTop Scratch Pads","0.39","United States","Sherman","1/30/2015","2/1/2015","21.5142","true","2","31.18","90909"
"2368","Medium","0","6.88","2","553","Kristine Connolly","Adams Phone Message Book, 200 Message Capacity, 8 1/16” x 11”","0.39","United States","Los Angeles","1/28/2015","1/29/2015","34.068","true","36","267.53","17155"
"349","Not Specified","0.07","2036.48","14.7","553","Kristine Connolly","Lexmark 4227 Plus Dot Matrix Printer","0.55","United States","Los Angeles","2/21/2015","2/21/2015","4073.25","true","25","43046.2","2433"
"1115","Low","0.01","4.98","7.44","553","Kristine Connolly","Xerox 1922","0.36","United States","Los Angeles","4/15/2015","4/24/2015","-179.592","false","63","330.21","8165"
"64","Medium","0.08","124.49","51.94","553","Kristine Connolly","Bevis 36 x 72 Conference Tables","0.63","United States","Los Angeles","6/18/2015","6/19/2015","-500.38","false","56","6831.37","359"
"18349","Not Specified","0.07","2036.48","14.7","555","Walter Young","Lexmark 4227 Plus Dot Matrix Printer","0.55","United States","Pleasant Grove","2/21/2015","2/21/2015","6028.41","true","6","10331.09","86190"
"19115","Low","0.01","4.98","7.44","555","Walter Young","Xerox 1922","0.36","United States","Pleasant Grove","4/15/2015","4/24/2015","-161.6328","false","16","83.86","86191"
"18064","Medium","0.08","124.49","51.94","555","Walter Young","Bevis 36 x 72 Conference Tables","0.63","United States","Pleasant Grove","6/18/2015","6/19/2015","-250.19","false","14","1707.84","86192"
"20368","Medium","0","6.88","2","556","Kristina Sanders","Adams Phone Message Book, 200 Message Capacity, 8 1/16” x 11”","0.39","United States","Provo","1/28/2015","1/29/2015","46.1472","true","9","66.88","86189"
"20369","Medium","0.03","32.48","35","556","Kristina Sanders","Fellowes Neat Ideas® Storage Cubes","0.81","United States","Provo","1/28/2015","1/28/2015","-1116.3348","false","8","274.91","86189"
"21966","Critical","0.02","280.98","57","568","Peter McConnell","Hon 2090 “Pillow Soft” Series Mid Back Swivel/Tilt Chairs","0.78","United States","Columbus","3/4/2015","3/5/2015","1141.794","true","4","1128.74","88879"
"22667","Not Specified","0.09","70.97","3.5","568","Peter McConnell","Tripp Lite Isotel 8 Ultra 8 Outlet Metal Surge","0.59","United States","Columbus","4/15/2015","4/15/2015","-99.568","false","12","805.99","88880"
"22736","Medium","0.08","67.28","19.99","568","Peter McConnell","Catalog Binders with Expanding Posts","0.4","United States","Columbus","4/1/2015","4/3/2015","224.8506","true","16","1066.54","88882"
"26038","Low","0.06","7.99","5.03","570","Katharine Bass","Bell Sonecor JB700 Caller ID","0.6","United States","Henderson","1/13/2015","1/13/2015","-122.133","false","10","65.74","88881"
"23719","Critical","0.05","4.13","5.04","573","Vanessa Winstead","ACCOHIDE® 3-Ring Binder, Blue, 1""","0.38","United States","Pekin","3/13/2015","3/14/2015","-12.1555","false","1","5.84","86555"
"21992","High","0.08","415.88","11.37","573","Vanessa Winstead","Deluxe Rollaway Locking File with Drawer","0.57","United States","Pekin","2/26/2015","2/27/2015","-269.0844","false","1","405.57","86556"
"21325","Low","0.06","4.48","49","576","Gordon Lyon","Hoover Portapower™ Portable Vacuum","0.6","United States","Pomona","1/13/2015","1/17/2015","-566","false","4","32.6","88645"
"18664","Medium","0.03","162.93","19.99","578","Evan K Bullard","Multimedia Mailers","0.39","United States","Naugatuck","5/13/2015","5/14/2015","293.14","true","3","515.88","88644"
"18665","Medium","0.01","11.58","5.72","579","Marlene Abrams","Peel & Seel® Recycled Catalog Envelopes, Brown","0.35","United States","Seymour","5/13/2015","5/15/2015","-6.61","false","2","25.06","88644"
"18662","Medium","0.01","55.99","5","580","Kathryn Patrick","Accessory6","0.8","United States","Auburn","5/13/2015","5/14/2015","-57.541","false","12","578.24","88644"
"24180","Not Specified","0.04","15.51","17.78","584","Timothy Currie","Tenex File Box, Personal Filing Tote with Lid, Black","0.59","United States","Woburn","1/21/2015","1/23/2015","-266.22","false","7","116.93","88646"
"18663","Medium","0.06","13.9","7.59","585","William Larson","Acme Hot Forged Carbon Steel Scissors with Nickel-Plated Handles, 3 7/8"" Cut, 8""L","0.56","United States","Concord","5/13/2015","5/14/2015","-67.59","false","12","170.45","88644"
"19781","Critical","0.08","30.53","19.99","592","Eva Silverman","Avery 4027 File Folder Labels for Dot Matrix Printers, 5000 Labels per Box, White","0.39","United States","Wilmette","1/17/2015","1/17/2015","-239.8656","false","10","285.87","86307"
"19782","Critical","0.01","1.68","1.57","593","Joel Huffman","Newell 323","0.59","United States","Woodridge","1/17/2015","1/19/2015","-53.444","false","12","20.37","86307"
"22996","Critical","0.09","13.79","8.78","594","Charlie Moore","9-3/4 Diameter Round Wall Clock","0.43","United States","Anderson","3/15/2015","3/17/2015","-22.12","false","1","17.44","86309"
"21662","Critical","0.04","39.48","1.99","594","Charlie Moore","80 Minute CD-R Spindle, 100/Pack - Staples","0.54","United States","Anderson","6/19/2015","6/22/2015","484.8492","true","18","702.68","86311"
"21663","Critical","0.04","3.7","1.61","594","Charlie Moore","3M Hangers With Command Adhesive","0.44","United States","Anderson","6/19/2015","6/20/2015","18","true","18","67.24","86311"
"24480","Critical","0.03","3.8","1.49","596","Doris Fitzpatrick","Durable Pressboard Binders","0.38","United States","Carmel","2/15/2015","2/17/2015","15.2745","true","6","24.27","86308"
"24481","Critical","0.07","7.98","1.25","596","Doris Fitzpatrick","Adams Telephone Message Book w/Frequently-Called Numbers Space, 400 Messages per Book","0.35","United States","Carmel","2/15/2015","2/17/2015","26.5857","true","5","38.53","86308"
"24482","Critical","0.07","417.4","75.23","596","Doris Fitzpatrick","Bretford “Just In Time” Height-Adjustable Multi-Task Work Tables","0.79","United States","Carmel","2/15/2015","2/16/2015","-575.352","false","12","4910.72","86308"
"25949","Not Specified","0.1","6.48","5.9","597","Alexandra Wise","Xerox 1976","0.37","United States","Columbus","6/10/2015","6/10/2015","-51.635","false","19","116.8","86310"
"21274","Medium","0.06","6.48","7.37","600","Vickie Morse","Xerox 210","0.37","United States","Reisterstown","3/13/2015","3/14/2015","-75.44","false","5","32.39","87579"
"20929","Not Specified","0.02","35.99","5","603","Gretchen Ball","Accessory27","0.85","United States","Pueblo","2/3/2015","2/5/2015","-120.934","false","7","227.79","87020"
"4015","Critical","0.09","154.13","69","604","Lindsay P Ashley","Laminate Occasional Tables","0.68","United States","Los Angeles","3/14/2015","3/15/2015","-1763.7477","false","38","5679.59","28647"
"4903","Critical","0.03","1.88","1.49","604","Lindsay P Ashley","Staples® General Use 3-Ring Binders","0.37","United States","Los Angeles","1/24/2015","1/25/2015","-15.0995","false","52","102.32","34882"
"22015","Critical","0.09","154.13","69","605","Alison Peters Wooten","Laminate Occasional Tables","0.68","United States","West Islip","3/14/2015","3/15/2015","-1763.7477","false","10","1494.63","91144"
"18492","Not Specified","0.02","15.57","1.39","617","Brett Schultz","Park Ridge™ Embossed Executive Business Envelopes","0.38","United States","Pueblo","4/29/2015","4/30/2015","23.5428","true","3","46.23","88198"
"18493","Not Specified","0.02","20.89","11.52","617","Brett Schultz","Iris® 3-Drawer Stacking Bin, Black","0.83","United States","Pueblo","4/29/2015","4/30/2015","-276.1128","false","13","279.28","88198"
"22196","Critical","0.06","17.98","4","618","Robert Cowan","Belkin 107-key enhanced keyboard, USB/PS/2 interface","0.79","United States","Pueblo West","3/24/2015","3/25/2015","-78.13","false","4","70.06","88197"
"18490","Not Specified","0.06","5.38","5.24","618","Robert Cowan","Acco PRESSTEX® Data Binder with Storage Hooks, Dark Blue, 14 7/8"" X 11""","0.36","United States","Pueblo West","4/29/2015","4/30/2015","-64.67094","false","14","81.82","88198"
"18491","Not Specified","0.03","7.35","5.96","618","Robert Cowan","1/4 Fold Party Design Invitations & White Envelopes, 24 8-1/2"" X 11"" Cards, 25 Env./Pack","0.38","United States","Pueblo West","4/29/2015","4/30/2015","-11.1132","false","1","13.16","88198"
"25539","Critical","0.03","14.2","5.3","619","Howard Rogers","Coloredge Poster Frame","0.46","United States","Southgate","1/7/2015","1/8/2015","107.02","true","14","205.98","88196"
"22248","Medium","0.1","6.88","2","621","Heather Stern","Adams Phone Message Book, 200 Message Capacity, 8 1/16” x 11”","0.39","United States","Newington","2/26/2015","2/27/2015","18.42","true","5","31.46","91432"
"22247","Medium","0.06","195.99","8.99","622","Hazel Khan","T28 WORLD","0.6","United States","Auburn","2/26/2015","2/28/2015","349.47","true","6","948.97","91432"
"24880","High","0.05","6.48","8.4","623","Jenny Petty","Xerox 212","0.37","United States","Manchester","4/1/2015","4/3/2015","-226.3464","false","21","136.99","91433"
"24881","High","0.05","55.99","5","624","Terry Klein","Accessory6","0.8","United States","Rutland","4/1/2015","4/1/2015","-281.17584","false","2","99.36","91433"
"21718","Medium","0.02","419.19","19.99","627","Scott McKenna","Smead Adjustable Mobile File Trolley with Lockable Top","0.58","United States","Steubenville","4/21/2015","4/22/2015","6610.2","true","22","9580","90469"
"19364","High","0.01","2.08","5.33","635","Juan Justice","Eldon® Wave Desk Accessories","0.43","United States","Saint Paul","4/5/2015","4/5/2015","-103.7124","false","12","28.32","89284"
"19365","High","0.03","370.98","99","635","Juan Justice","Sauder Facets Collection Locker/File Cabinet, Sky Alder Finish","0.65","United States","Saint Paul","4/5/2015","4/6/2015","-124.2864","false","6","2309.49","89284"
"19539","Low","0.06","160.98","35.02","637","Christopher Bryant","Rush Hierlooms Collection Rich Wood Bookcases","0.72","United States","Santa Clara","3/20/2015","3/24/2015","-229.68","false","8","1232.01","87953"
"24387","Critical","0.06","65.99","8.8","638","Brooke Shepherd","6120","0.58","United States","Santa Cruz","4/30/2015","5/1/2015","288.09","true","9","506.38","87954"
"24388","Critical","0","195.99","4.2","638","Brooke Shepherd","KH 688","0.57","United States","Santa Cruz","4/30/2015","5/2/2015","719.4768","true","6","1042.72","87954"
"25893","Not Specified","0","236.97","59.24","639","Lois Rowland","Chromcraft Rectangular Conference Tables","0.61","United States","Santa Maria","2/14/2015","2/15/2015","1192.04","true","9","1769.91","87952"
"7893","Not Specified","0","236.97","59.24","640","Neal Wolfe","Chromcraft Rectangular Conference Tables","0.61","United States","Seattle","2/14/2015","2/15/2015","1192.04","true","34","6686.34","56452"
"1539","Low","0.06","160.98","35.02","640","Neal Wolfe","Rush Hierlooms Collection Rich Wood Bookcases","0.72","United States","Seattle","3/20/2015","3/24/2015","-229.68","false","30","4620.05","11077"
"6387","Critical","0.06","65.99","8.8","640","Neal Wolfe","6120","0.58","United States","Seattle","4/30/2015","5/1/2015","288.09","true","34","1912.98","45380"
"6388","Critical","0","195.99","4.2","640","Neal Wolfe","KH 688","0.57","United States","Seattle","4/30/2015","5/2/2015","1030.509","true","24","4170.87","45380"
"24869","Low","0.03","51.75","19.99","646","Robin High","Howard Miller 13-3/4"" Diameter Brushed Chrome Round Wall Clock","0.55","United States","Shakopee","6/17/2015","6/22/2015","261.444","true","16","818.81","90735"
"21760","Not Specified","0.02","25.38","8.99","648","Steve O'Brien","Executive Impressions 13"" Chairman Wall Clock","0.5","United States","Bolingbrook","6/21/2015","6/22/2015","-10.36","false","1","34.11","91365"
"23154","Medium","0.02","3.78","0.71","649","Roger Meyer","Staples Bulldog Clip","0.39","United States","Buffalo Grove","5/29/2015","5/30/2015","106.7499","true","40","154.71","91366"
"24199","High","0.08","15.99","13.18","651","Leah Clapp","GBC Pre-Punched Binding Paper, Plastic, White, 8-1/2"" x 11""","0.37","United States","Las Vegas","1/7/2015","1/8/2015","-246.92616","false","12","192.33","91575"
"23433","Low","0.04","880.98","44.55","651","Leah Clapp","Riverside Palais Royal Lawyers Bookcase, Royale Cherry Finish","0.62","United States","Las Vegas","2/15/2015","2/19/2015","4233.2588","true","8","6901.25","91576"
"23434","Low","0.07","13.4","4.95","651","Leah Clapp","Electrix 20W Halogen Replacement Bulb for Zoom-In Desk Lamp","0.37","United States","Las Vegas","2/15/2015","2/20/2015","102.7686","true","11","148.94","91576"
"23435","Low","0.01","15.99","11.28","651","Leah Clapp","210 Trimline Phone, White","0.38","United States","Las Vegas","2/15/2015","2/22/2015","-36.671544","false","12","200.68","91576"
"25055","Not Specified","0","2.78","1.49","653","Ann Katz","Wilson Jones Suede Grain Vinyl Binders","0.36","United States","Rancho Cucamonga","4/16/2015","4/17/2015","20.6448","true","9","29.92","91213"
"20874","Critical","0.1","18.97","9.03","657","Derek McCormick","Computer Printout Paper with Letter-Trim Perforations","0.37","United States","Oxford","1/19/2015","1/21/2015","-24.2048","false","1","19.73","91212"
"20875","Critical","0","119.99","56.14","659","Marjorie Arthur","Hewlett-Packard 2600DN Business Color Inkjet Printer","0.39","United States","South Burlington","1/19/2015","1/20/2015","-126.05778","false","5","615.54","91212"
"23487","Critical","0.02","14.58","7.4","663","Hilda Bennett","DAX Clear Channel Poster Frame","0.48","United States","Steubenville","5/29/2015","6/1/2015","10.802","true","17","261.34","90922"
"21086","Low","0.04","22.72","8.99","665","Miriam Mueller","Executive Impressions 14"" Two-Color Numerals Wall Clock","0.44","United States","Murfreesboro","1/16/2015","1/20/2015","-678.496","false","9","202.41","88677"
"18667","Critical","0.02","130.98","30","665","Miriam Mueller","Office Star - Contemporary Task Swivel chair with 2-way adjustable arms, Plum","0.78","United States","Murfreesboro","4/18/2015","4/19/2015","90.762","true","6","793.39","88678"
"24776","Low","0.02","4.57","5.42","666","Emily Sims","Newell® 3-Hole Punched Plastic Slotted Magazine Holders for Binders","0.37","United States","Nashville","4/22/2015","4/26/2015","-352.814","false","11","54.04","88679"
"3086","Low","0.04","22.72","8.99","667","Allison Kirby","Executive Impressions 14"" Two-Color Numerals Wall Clock","0.44","United States","Dallas","1/16/2015","1/20/2015","70.028","true","37","832.14","22147"
"6776","Low","0.02","4.57","5.42","667","Allison Kirby","Newell® 3-Hole Punched Plastic Slotted Magazine Holders for Binders","0.37","United States","Dallas","4/22/2015","4/26/2015","-124.2805","false","45","221.06","48257"
"24882","Medium","0.09","2.89","0.5","669","Amy Shea","Avery 498","0.38","United States","Ottumwa","3/20/2015","3/22/2015","40.4823","true","22","58.67","88475"
"24883","Medium","0.02","48.91","5.81","669","Amy Shea","Xerox 1891","0.38","United States","Ottumwa","3/20/2015","3/21/2015","32.86","true","2","101.06","88475"
"18808","Low","0.08","296.18","54.12","670","Lewis Baldwin","Hon 94000 Series Round Tables","0.76","United States","Montclair","3/5/2015","3/12/2015","-187.222","false","5","1429.81","88474"
"19423","Low","0.07","2.88","1.01","672","Brian Leach","Sanford Colorific Colored Pencils, 12/Box","0.55","United States","Newton","2/5/2015","2/9/2015","9.59","true","12","34.97","88173"
"19424","Low","0.1","195.99","3.99","672","Brian Leach","R380","0.58","United States","Newton","2/5/2015","2/12/2015","-655.424","false","2","308.86","88173"
"25059","Critical","0.06","161.55","19.99","674","Albert Frost","Fellowes Super Stor/Drawer® Files","0.66","United States","Raytown","1/2/2015","1/3/2015","-7.58000000000004","false","3","485.01","88174"
"19326","Medium","0.04","15.42","10.68","678","Edward McKenzie","Decoflex Hanging Personal Folder File, Blue","0.58","United States","Rose Hill","4/22/2015","4/23/2015","-109.704","false","5","81.14","88889"
"21609","Medium","0.01","3.95","5.13","679","Katie Dougherty","Hoover Replacement Belts For Soft Guard™ & Commercial Ltweight Upright Vacs, 2/Pk","0.59","United States","Spanaway","3/4/2015","3/5/2015","-19.93","false","2","10.11","88890"
"21610","Medium","0.02","367.99","19.99","679","Katie Dougherty","Ibico Ibimaster 300 Manual Binding System","0.4","United States","Spanaway","3/4/2015","3/5/2015","4568.6073","true","17","6621.17","88890"
"21612","Medium","0.04","95.99","4.9","680","Laurence Poe","T60","0.56","United States","Spokane","3/4/2015","3/6/2015","-258.225","false","3","253.78","88890"
"18555","Medium","0.06","17.67","8.99","683","Seth Merrill","Executive Impressions 12"" Wall Clock","0.47","United States","Papillion","4/7/2015","4/8/2015","38.06","true","4","69.96","87765"
"21411","Critical","0.07","279.48","35","688","Ashley Reese","Tennsco Snap-Together Open Shelving Units, Starter Sets and Add-On Units","0.8","United States","Saint Louis","5/16/2015","5/16/2015","-207.28","false","10","2716.09","88503"
"19325","Low","0.06","4.18","2.99","688","Ashley Reese","Avery® Durable Slant Ring Binders With Label Holder","0.37","United States","Saint Louis","3/6/2015","3/8/2015","-12.719","false","5","21.34","88504"
"26321","Medium","0.07","1.7","1.99","689","Tommy Honeycutt","BASF Silver 74 Minute CD-R","0.51","United States","Saint Peters","2/4/2015","2/5/2015","-51.42","false","10","17.42","88502"
"19933","High","0.09","6.48","6.35","691","Alicia Curtis","Xerox 200","0.37","United States","Tacoma","3/21/2015","3/22/2015","-88.6","false","8","49.81","89915"
"19400","Low","0.02","500.98","41.44","693","Richard McClure","DMI Eclipse Executive Suite Bookcases","0.66","United States","Thornton","3/25/2015","3/25/2015","2568.4629","true","7","3722.41","87811"
"18736","Low","0.09","5.34","2.99","693","Richard McClure","Wilson Jones 14 Line Acrylic Coated Pressboard Data Binders","0.38","United States","Thornton","3/8/2015","3/15/2015","9.486","true","17","95.1","87812"
"18737","Low","0.07","140.98","53.48","693","Richard McClure","Bush Heritage Pine Collection 5-Shelf Bookcase, Albany Pine Finish, *Special Order","0.65","United States","Thornton","3/8/2015","3/15/2015","-263.65","false","5","734.74","87812"
"18738","Low","0.06","205.99","5.26","693","Richard McClure","i470","0.56","United States","Thornton","3/8/2015","3/15/2015","890.181","true","11","1882.87","87812"
"18810","High","0","230.98","23.78","693","Richard McClure","Bush® Cubix Conference Tables, Fully Assembled","0.6","United States","Thornton","5/5/2015","5/7/2015","6095.8602","true","36","8834.58","87813"
"22613","Medium","0.06","8.12","2.83","696","Johnny Reid","Imation Neon Mac Format Diskettes, 10/Pack","0.77","United States","Crown Point","3/27/2015","3/28/2015","-82.83","false","10","78.54","89847"
"22614","Medium","0.05","51.65","18.45","696","Johnny Reid","Deflect-o EconoMat Nonstudded, No Bevel Mat","0.65","United States","Crown Point","3/27/2015","3/28/2015","25.04","true","12","605.1","89847"
"19225","Low","0.1","40.48","19.99","696","Johnny Reid","Keytronic Designer 104- Key Black Keyboard","0.77","United States","Crown Point","4/7/2015","4/9/2015","-580.32","false","9","355.84","89848"
"22616","Medium","0.1","175.99","8.99","697","Adam G Sawyer","2180","0.57","United States","East Chicago","3/27/2015","3/28/2015","928.9608","true","10","1346.32","89847"
"25480","Critical","0.08","14.81","13.32","697","Adam G Sawyer","Holmes Replacement Filter for HEPA Air Cleaner, Large Room","0.43","United States","East Chicago","2/7/2015","2/9/2015","-131.6172","false","20","292.18","89849"
"4613","Medium","0.06","8.12","2.83","698","Nelson Hensley","Imation Neon Mac Format Diskettes, 10/Pack","0.77","United States","Seattle","3/27/2015","3/28/2015","-82.83","false","41","322.03","32869"
"4614","Medium","0.05","51.65","18.45","698","Nelson Hensley","Deflect-o EconoMat Nonstudded, No Bevel Mat","0.65","United States","Seattle","3/27/2015","3/28/2015","25.04","true","49","2470.84","32869"
"4616","Medium","0.1","175.99","8.99","698","Nelson Hensley","2180","0.57","United States","Seattle","3/27/2015","3/28/2015","930.987","true","39","5250.66","32869"
"1225","Low","0.1","40.48","19.99","698","Nelson Hensley","Keytronic Designer 104- Key Black Keyboard","0.77","United States","Seattle","4/7/2015","4/9/2015","-580.32","false","36","1423.35","8994"
"7480","Critical","0.08","14.81","13.32","698","Nelson Hensley","Holmes Replacement Filter for HEPA Air Cleaner, Large Room","0.43","United States","Seattle","2/7/2015","2/9/2015","-253.11","false","79","1154.12","53410"
"6289","Medium","0.03","5.28","5.61","699","Jenny Gold","Xerox 1954","0.4","United States","Los Angeles","4/23/2015","4/24/2015","-16.67","false","5","32.5","44517"
"7733","Critical","0.02","6.47","1.22","699","Jenny Gold","Staples Pen Style Liquid Stix; Assorted (yellow, pink, green, blue, orange), 5/Pack","0.4","United States","Los Angeles","6/6/2015","6/7/2015","40.2","true","30","193.95","55392"
"7734","Critical","0.07","2.84","0.93","699","Jenny Gold","SANFORD Liquid Accent™ Tank-Style Highlighters","0.54","United States","Los Angeles","6/6/2015","6/8/2015","3.21","true","59","158.8","55392"
"5140","High","0.01","7.89","2.82","699","Jenny Gold","Staples Vinyl Coated Paper Clips, 800/Box","0.4","United States","Los Angeles","6/30/2015","7/1/2015","38.7","true","32","274.26","36647"
"5141","High","0.09","3.68","1.32","699","Jenny Gold","*Staples* vLetter Openers, 2/Pack","0.83","United States","Los Angeles","6/30/2015","7/1/2015","-21.91","false","24","83.16","36647"
"5142","High","0.1","9.71","9.45","699","Jenny Gold","Filing/Storage Totes and Swivel Casters","0.6","United States","Los Angeles","6/30/2015","7/3/2015","-119.77","false","27","261.93","36647"
"4556","Medium","0.07","5.02","5.14","699","Jenny Gold","Imation 3.5, DISKETTE 44766 HGHLD3.52HD/FM, 10/Pack","0.79","United States","Los Angeles","1/29/2015","1/31/2015","-168.72","false","42","210.1","32420"
"4557","Medium","0.07","280.98","57","699","Jenny Gold","Hon 2090 “Pillow Soft” Series Mid Back Swivel/Tilt Chairs","0.78","United States","Los Angeles","1/29/2015","1/31/2015","-439.62","false","23","6499.87","32420"
"448","Medium","0.1","4.26","1.2","699","Jenny Gold","Dixon Prang® Watercolor Pencils, 10-Color Set with Brush","0.44","United States","Los Angeles","5/20/2015","5/21/2015","15.42","true","88","351.56","3042"
"18448","Medium","0.1","4.26","1.2","700","Joseph Grossman","Dixon Prang® Watercolor Pencils, 10-Color Set with Brush","0.44","United States","Santa Maria","5/20/2015","5/21/2015","33.924","true","22","87.89","87980"
"24289","Medium","0.03","5.28","5.61","702","Kelly O'Connor","Xerox 1954","0.4","United States","Santa Rosa","4/23/2015","4/24/2015","-16.67","false","1","6.5","87977"
"23140","High","0.01","7.89","2.82","702","Kelly O'Connor","Staples Vinyl Coated Paper Clips, 800/Box","0.4","United States","Santa Rosa","6/30/2015","7/1/2015","46.44","true","8","68.56","87979"
"23141","High","0.09","3.68","1.32","702","Kelly O'Connor","*Staples* vLetter Openers, 2/Pack","0.83","United States","Santa Rosa","6/30/2015","7/1/2015","-17.528","false","6","20.79","87979"
"23142","High","0.1","9.71","9.45","702","Kelly O'Connor","Filing/Storage Totes and Swivel Casters","0.6","United States","Santa Rosa","6/30/2015","7/3/2015","-95.816","false","7","67.91","87979"
"25734","Critical","0.07","2.84","0.93","711","Pam Anthony","SANFORD Liquid Accent™ Tank-Style Highlighters","0.54","United States","Winthrop","6/6/2015","6/8/2015","3.852","true","15","40.37","87978"
"20789","Not Specified","0","8.5","1.99","719","Stephen Lam","Hewlett-Packard 4.7GB DVD+R Discs","0.49","United States","Pahrump","2/28/2015","3/2/2015","71.7356","true","14","122.25","89344"
"20790","Not Specified","0.03","95.43","19.99","719","Stephen Lam","Fellowes Stor/Drawer® Steel Plus™ Storage Drawers","0.79","United States","Pahrump","2/28/2015","3/2/2015","-79.3208","false","2","206.09","89344"
"20633","Not Specified","0.04","10.64","5.16","721","Melvin Duke","Eldon Expressions Punched Metal & Wood Desk Accessories, Pewter & Cherry","0.57","United States","Frankfort","6/24/2015","6/25/2015","24.096","true","6","66.9","91053"
"20634","Not Specified","0.03","2.78","1.34","721","Melvin Duke","Prang Drawing Pencil Set","0.45","United States","Frankfort","6/24/2015","6/26/2015","6.972","true","15","43.13","91053"
"24574","Medium","0.01","7.28","11.15","721","Melvin Duke","Array® Parchment Paper, Assorted Colors","0.37","United States","Frankfort","4/11/2015","4/13/2015","-24.246","false","1","11.21","91054"
"19601","Medium","0.09","125.99","8.99","724","Beverly Cooke Brooks","SC7868i","0.55","United States","Stratford","3/15/2015","3/16/2015","-605.374","false","1","100.38","90359"
"19600","Medium","0.1","17.98","4","727","Lindsay Link","Belkin 107-key enhanced keyboard, USB/PS/2 interface","0.79","United States","Lewiston","3/15/2015","3/16/2015","-99.55","false","4","66.32","90359"
"23436","High","0.09","101.41","35","731","June Herbert","Tennsco Regal Shelving Units","0.82","United States","Burlington","4/26/2015","4/27/2015","-801.1548","false","12","1178.32","90362"
"21950","Not Specified","0.06","350.98","30","736","Meredith Walters","Office Star - Professional Matrix Back Chair with 2-to-1 Synchro Tilt and Mesh Fabric Seat","0.61","United States","Salem","6/15/2015","6/17/2015","797.856","true","6","2016.32","90361"
"23613","Low","0.02","48.04","5.79","737","Danny Vaughn","Xerox 1937","0.37","United States","Bloomfield","6/7/2015","6/14/2015","422.4525","true","12","612.25","90360"
"21949","Not Specified","0.02","70.98","46.74","738","Peggy Rowe","Hon Metal Bookcases, Putty","0.56","United States","Cranford","6/15/2015","6/16/2015","-178.216","false","4","313.63","90361"
"21951","Not Specified","0.04","27.48","4","741","Stacey Hale","Belkin MediaBoard 104- Keyboard","0.75","United States","Summit","6/15/2015","6/17/2015","-26.656","false","15","397.17","90361"
"19209","Low","0.02","59.98","3.99","744","Joy Maxwell","Belkin 8 Outlet SurgeMaster II Gold Surge Protector","0.57","United States","Oro Valley","1/28/2015","2/6/2015","-54.622","false","1","63.48","87725"
"19210","Low","0.03","5.18","5.74","744","Joy Maxwell","Wilson Jones Impact Binders","0.36","United States","Oro Valley","1/28/2015","2/1/2015","-126.81418","false","9","47.64","87725"
"19638","Medium","0.03","119.99","56.14","744","Joy Maxwell","Hewlett-Packard 2600DN Business Color Inkjet Printer","0.39","United States","Oro Valley","1/17/2015","1/19/2015","1400.1","true","13","1545.58","87726"
"19505","Low","0.09","125.99","8.99","744","Joy Maxwell","SC7868i","0.55","United States","Oro Valley","5/25/2015","6/2/2015","916.6806","true","20","2104.99","87727"
"19639","Medium","0.05","115.79","1.99","745","Mary Page","Verbatim DVD-R, 4.7GB, Spindle, WE, Blank, Ink Jet/Thermal, 20/Spindle","0.49","United States","Peoria","1/17/2015","1/19/2015","67.5999999999999","true","3","353.1","87726"
"20855","Not Specified","0.09","27.75","19.99","750","Jordan Wilkinson","Fellowes Super Stor/Drawer®","0.67","United States","Florence","1/12/2015","1/13/2015","-224.644","false","10","257.52","91200"
"23629","Low","0.06","130.98","54.74","751","David Wrenn","O'Sullivan Elevations Bookcase, Cherry Finish","0.69","United States","Georgetown","2/27/2015","3/6/2015","14.76","true","3","411.64","91201"
"19679","Critical","0.06","2.61","0.5","753","Elisabeth Massey","Avery 479","0.39","United States","Prescott","3/11/2015","3/11/2015","10.85","true","1","17.59","90438"
"19680","Critical","0.01","6.35","1.02","753","Elisabeth Massey","Telephone Message Books with Fax/Mobile Section, 5 1/2"" x 3 3/16""","0.39","United States","Prescott","3/11/2015","3/13/2015","97.6626","true","22","141.54","90438"
"25291","High","0.06","218.75","69.64","754","Helen Lyons","BoxOffice By Design Rectangular and Half-Moon Meeting Room Tables","0.77","United States","Prescott Valley","6/4/2015","6/5/2015","-453.2","false","4","905.4","90437"
"25117","Low","0.06","119.99","14","754","Helen Lyons","Epson C82 Color Inkjet Printer","0.36","United States","Prescott Valley","4/12/2015","4/19/2015","-207.679788","false","2","243.86","90439"
"25856","Not Specified","0.03","37.94","5.08","757","Neil Hogan","Snap-A-Way® Black Print Carbonless Ruled Speed Letter, Triplicate","0.38","United States","Tualatin","2/11/2015","2/13/2015","-7.5244","false","1","39.97","90258"
"21110","Low","0","20.99","3.3","759","Bernice F Day","Accessory39","0.81","United States","Quincy","5/29/2015","6/5/2015","-92.961","false","5","92.96","86639"
"20377","Not Specified","0","125.99","8.99","762","Stuart Holloway","5170i","0.57","United States","Vancouver","4/27/2015","4/29/2015","613.89576","true","12","1362.2","87525"
"18735","Critical","0.1","31.78","1.99","767","Jeffrey Mueller","Memorex 4.7GB DVD-RAM, 3/Pack","0.42","United States","Rock Island","1/30/2015","2/1/2015","232.2816","true","11","336.64","86279"
"18659","Critical","0.08","30.73","4","770","Geraldine Puckett","Fellowes 17-key keypad for PS/2 interface","0.75","United States","Tualatin","3/19/2015","3/19/2015","-45.07","false","14","429.33","88667"
"18660","Critical","0.05","14.56","3.5","771","Deborah Paul","Acco 6 Outlet Guardian Premium Surge Suppressor","0.58","United States","West Linn","3/19/2015","3/21/2015","-8.53","false","3","44.66","88667"
"18661","Critical","0","299.99","11.64","771","Deborah Paul","Brother DCP1000 Digital 3 in 1 Multifunction Machine","0.5","United States","West Linn","3/19/2015","3/21/2015","285.95","true","5","1619.95","88667"
"22875","Critical","0.08","7.77","9.23","772","Jean Webster","Hoover Commercial Soft Guard Upright Vacuum And Disposable Filtration Bags","0.58","United States","Allentown","1/14/2015","1/16/2015","-209.25","false","7","56.44","88666"
"22877","Critical","0.1","18.97","9.54","772","Jean Webster","Xerox 1939","0.37","United States","Allentown","1/14/2015","1/16/2015","-9.1636","false","3","56.73","88666"
"20967","Low","0.02","4.06","6.89","772","Jean Webster","Eureka Disposable Bags for Sanitaire® Vibra Groomer I® Upright Vac","0.6","United States","Allentown","5/17/2015","5/21/2015","12.706","true","12","64.41","88668"
"20968","Low","0.07","9.49","5.76","772","Jean Webster","Sharp EL501VB Scientific Calculator, Battery Operated, 10-Digit Display, Hard Case","0.39","United States","Allentown","5/17/2015","5/21/2015","7.71516","true","37","344.57","88668"
"20434","High","0.04","34.76","5.49","782","Sarah N Becker","Home/Office Personal File Carts","0.6","United States","Whittier","4/29/2015","4/30/2015","192.5169","true","8","279.01","90962"
"24773","Low","0.02","100.98","35.84","783","Carlos Byrd","Bush Westfield Collection Bookcases, Fully Assembled","0.62","United States","Bristol","1/6/2015","1/6/2015","-134.912","false","6","614.99","90961"
"22969","Medium","0","8.34","4.82","786","Jason Bray","Southworth 25% Cotton Antique Laid Paper & Envelopes","0.4","United States","Mission Viejo","4/6/2015","4/7/2015","-5.05","false","9","76.23","91513"
"24629","Not Specified","0.09","6.48","9.68","792","Holly Pate","Xerox 1993","0.36","United States","Mustang","6/21/2015","6/22/2015","-204.16","false","16","99.92","88753"
"18347","Not Specified","0.06","8.6","6.19","796","Amanda Conner","Avery Printable Repositionable Plastic Tabs","0.38","United States","Papillion","3/11/2015","3/12/2015","-46.115","false","9","79.4","86867"
"18184","Not Specified","0.1","14.42","6.75","796","Amanda Conner","Holmes Odor Grabber","0.52","United States","Papillion","6/19/2015","6/22/2015","-20.104","false","1","15.49","86869"
"19011","Not Specified","0.04","9.11","2.25","797","Eileen Riddle","Dixon Ticonderoga Core-Lock Colored Pencils","0.52","United States","Roy","6/1/2015","6/4/2015","-3.496","false","2","18.59","86868"
"19012","Not Specified","0.07","64.65","35","797","Eileen Riddle","Space Solutions Commercial Steel Shelving","0.8","United States","Roy","6/1/2015","6/3/2015","-717.072","false","13","834.08","86868"
"24851","Low","0.09","6.48","6.86","797","Eileen Riddle","Xerox 204","0.37","United States","Roy","3/6/2015","3/8/2015","-62.23","false","8","50.88","86870"
"20001","Not Specified","0.01","150.98","30","799","Lee McKenna Gregory","Novimex Swivel Fabric Task Chair","0.74","United States","Hilton Head Island","1/6/2015","1/8/2015","131.382","true","6","958.46","89909"
"20002","Not Specified","0.01","28.28","13.99","799","Lee McKenna Gregory","Eldon Portable Mobile Manager","0.58","United States","Hilton Head Island","1/6/2015","1/8/2015","-89.292","false","12","368.84","89909"
"20003","Not Specified","0.03","35.99","1.1","799","Lee McKenna Gregory","Accessory35","0.55","United States","Hilton Head Island","1/6/2015","1/7/2015","-211.036","false","1","30.86","89909"
"19265","Low","0.04","50.98","6.5","800","Cheryl Guthrie","Microsoft Natural Multimedia Keyboard","0.73","United States","Roy","3/28/2015","4/3/2015","-13.28","false","11","568.25","89910"
"19266","Low","0.02","6.48","5.14","800","Cheryl Guthrie","Xerox 23","0.37","United States","Roy","3/28/2015","3/30/2015","-48.68","false","19","126.66","89910"
"22484","Medium","0.03","35.99","5","803","Marianne Goldstein","Accessory27","0.85","United States","New Smyrna Beach","4/29/2015","4/30/2015","-184.548","false","3","93.82","90048"
"5722","Critical","0.06","179.99","13.99","806","Judy Singer","VTech VT20-2481 2.4GHz Two-Line Phone System w/Answering Machine","0.57","United States","Miami","1/9/2015","1/11/2015","1220.03784","true","54","8332.91","40547"
"21942","Low","0.09","5.84","0.83","820","Catherine Mullins","Avery Hi-Liter® Smear-Safe Highlighters","0.49","United States","Walla Walla","5/21/2015","5/25/2015","-2.87","false","1","5.9","90244"
"20661","Low","0.04","6.24","5.22","823","Christian Albright","Eldon Expressions Mahogany Wood Desk Collection","0.6","United States","Smyrna","1/12/2015","1/17/2015","4.3809","true","13","80.23","89257"
"20663","Low","0.09","260.98","41.91","824","Joann Moser","Atlantic Metals Mobile 3-Shelf Bookcases, Custom Colors","0.59","United States","Spring Hill","1/12/2015","1/19/2015","-100.744","false","8","2044.9","89257"
"21350","Critical","0","11.97","4.98","825","Marvin Hunt","Staples 6 Outlet Surge","0.58","United States","Abilene","5/21/2015","5/24/2015","3.384","true","4","53.3","89258"
"24842","Medium","0.01","6.98","1.6","827","Sheryl Marsh","Adams Phone Message Book, Professional, 400 Message Capacity, 5 3/6” x 11”","0.38","United States","Amarillo","5/25/2015","5/26/2015","0.346","true","3","21.93","89259"
"24236","Not Specified","0.01","5.18","2.04","829","Monica Law Thompson","Array® Memo Cubes","0.36","United States","Texarkana","2/22/2015","2/24/2015","-17.654","false","5","28.46","90271"
"20664","High","0.01","14.42","6.75","830","Douglas Sutton","Holmes Odor Grabber","0.52","United States","Wheat Ridge","1/24/2015","1/24/2015","-13.826","false","6","89.91","90270"
"19173","High","0","11.66","8.99","833","Gerald Love","Boston 16765 Mini Stand Up Battery Pencil Sharpener","0.59","United States","Gilroy","1/9/2015","1/11/2015","-203.67","false","11","138.51","89770"
"19383","Not Specified","0.07","6.08","0.91","850","Jesse Hutchinson","Zebra Zazzle Fluorescent Highlighters","0.51","United States","Goleta","3/7/2015","3/8/2015","19.57","true","7","41.96","88569"
"20604","Low","0.1","50.98","22.24","851","Helen H Heller","Dana Fluorescent Magnifying Lamp, White, 36""","0.55","United States","Hacienda Heights","2/25/2015","2/27/2015","98.12","true","6","300.63","88568"
"19384","Not Specified","0.08","19.9","5.29","851","Helen H Heller","Holmes Cool Mist Humidifier for the Whole House with 8-Gallon Output per Day, Extended Life Filter","0.4","United States","Hacienda Heights","3/7/2015","3/9/2015","107.11","true","13","240.46","88569"
"19385","Not Specified","0.02","3.36","6.27","851","Helen H Heller","Cardinal Poly Pocket Divider Pockets for Ring Binders","0.4","United States","Hacienda Heights","3/7/2015","3/9/2015","-216.154","false","21","74.08","88569"
"21353","Critical","0.06","1.26","0.7","851","Helen H Heller","Bagged Rubber Bands","0.81","United States","Hacienda Heights","4/30/2015","4/30/2015","-6.6096","false","4","5.28","88571"
"26093","High","0.05","4.24","5.41","853","Leah Davenport","Storex DuraTech Recycled Plastic Frosted Binders","0.35","United States","Hesperia","3/16/2015","3/18/2015","-89.217","false","12","50.83","88570"
"21351","Critical","0.06","1.76","0.7","854","Karen Hendricks","Newell 310","0.56","United States","Branford","4/30/2015","5/2/2015","1.2236","true","22","39.26","88571"
"21352","Critical","0.02","24.98","8.79","855","Jacob Lanier","2300 Heavy-Duty Transfer File Systems by Perma","0.66","United States","Danbury","4/30/2015","5/1/2015","4.3148","true","23","606.51","88571"
"21354","Critical","0.05","35.99","5.99","858","Arthur Brady","Accessory41","0.38","United States","Lewiston","4/30/2015","5/2/2015","-125.83296","false","2","64.89","88571"
"21214","Critical","0.03","14.2","5.3","865","Dana Burgess","Coloredge Poster Frame","0.46","United States","East Chicago","5/27/2015","5/28/2015","122.21","true","18","267.2","90674"
"19947","Low","0.04","6.48","5.16","865","Dana Burgess","Xerox 1985","0.37","United States","East Chicago","2/26/2015","3/2/2015","-11.1332","false","12","86.79","90675"
"24774","Not Specified","0.04","29.18","8.55","868","Sharon Ellis","Deflect-o SuperTray™ Unbreakable Stackable Tray, Letter, Black","0.42","United States","Shoreview","2/25/2015","2/27/2015","201.7353","true","10","292.37","91194"
"24775","Not Specified","0","80.98","35","868","Sharon Ellis","Carina 42""Hx23 3/4""W Media Storage Unit","0.83","United States","Shoreview","2/25/2015","2/27/2015","-684.78","false","8","682.79","91194"
"24763","Critical","0.06","6.48","8.88","868","Sharon Ellis","Xerox 224","0.37","United States","Shoreview","3/6/2015","3/7/2015","-237.47","false","20","125.77","91195"
"24764","Critical","0.09","349.45","60","868","Sharon Ellis","SAFCO PlanMaster Heigh-Adjustable Drafting Table Base, 43w x 30d x 30-37h, Black","","United States","Shoreview","3/6/2015","3/7/2015","-2946.051","false","12","3918.98","91195"
"25507","Not Specified","0.03","14.2","5.3","871","Sandy Ellington","Coloredge Poster Frame","0.46","United States","Reno","3/15/2015","3/17/2015","21.5556","true","2","31.24","90577"
"22547","Not Specified","0.01","5.94","9.92","871","Sandy Ellington","Storex Dura Pro™ Binders","0.38","United States","Reno","5/20/2015","5/23/2015","-239.315","false","12","74.77","90578"
"22548","Not Specified","0","6.48","5.11","871","Sandy Ellington","Xerox 231","0.37","United States","Reno","5/20/2015","5/22/2015","-33.31","false","18","127.81","90578"
"19262","High","0.04","4.37","5.15","875","Erika Fink","Eureka Sanitaire ® Multi-Pro Heavy-Duty Upright, Disposable Bags","0.59","United States","Salt Lake City","2/21/2015","2/22/2015","-74.4796","false","18","78.59","89059"
"19263","High","0.09","155.99","8.99","875","Erika Fink","CF 688","0.58","United States","Salt Lake City","2/21/2015","2/23/2015","-232.22056","false","4","497.11","89059"
"18054","Critical","0.07","5.68","1.39","880","Ellen Beck","Staples Standard Envelopes","0.38","United States","Scottsdale","3/25/2015","3/27/2015","18.6438","true","5","27.02","86153"
"18055","Critical","0.06","22.84","11.54","880","Ellen Beck","Xerox 1964","0.39","United States","Scottsdale","3/25/2015","3/27/2015","-31.24","false","1","27.67","86153"
"19401","Critical","0.06","25.98","14.36","885","Malcolm Robertson","Global Stack Chair without Arms, Black","0.6","United States","Amarillo","5/24/2015","5/25/2015","55.888","true","41","1033.56","89537"
"26011","Critical","0.08","1.81","0.75","890","Billie Fowler","Metal Folding Chairs, Beige, 4/Carton","0.58","United States","Bedford","1/5/2015","1/6/2015","1.3224","true","11","19.97","89536"
"26015","Critical","0.04","125.99","5.26","890","Billie Fowler","232","0.55","United States","Bedford","1/5/2015","1/5/2015","455.4207","true","6","660.03","89536"
"2045","Critical","0.01","8.34","0.96","894","Gail Rankin Cole","Document Clip Frames","0.43","United States","Washington","1/10/2015","1/12/2015","29.332","true","24","199.12","14596"
"2046","Critical","0.06","3.28","3.97","894","Gail Rankin Cole","Newell 337","0.56","United States","Washington","1/10/2015","1/11/2015","-86","false","19","63.14","14596"
"5421","Low","0.02","1.14","0.7","894","Gail Rankin Cole","OIC Thumb-Tacks","0.38","United States","Washington","2/2/2015","2/2/2015","-0.49","false","38","44.85","38529"
"20045","Critical","0.01","8.34","0.96","896","Jennifer Siegel","Document Clip Frames","0.43","United States","Denton","1/10/2015","1/12/2015","34.3482","true","6","49.78","90166"
"20046","Critical","0.06","3.28","3.97","896","Jennifer Siegel","Newell 337","0.56","United States","Denton","1/10/2015","1/11/2015","-66.65","false","5","16.62","90166"
"19470","Critical","0.06","47.98","3.61","896","Jennifer Siegel","DS/HD IBM Formatted Diskettes, 200/Pack - Staples","0.71","United States","Denton","6/20/2015","6/22/2015","35.955","true","11","517.68","90167"
"4724","High","0.04","90.97","28","898","Harriet Hodges","Lexmark Z55se Color Inkjet Printer","0.38","United States","New York City","1/12/2015","1/13/2015","-173.0952","false","6","573.31","33635"
"4725","High","0.07","20.34","35","898","Harriet Hodges","Tennsco Commercial Shelving","0.84","United States","New York City","1/12/2015","1/13/2015","-96.16","false","5","140.23","33635"
"1311","Not Specified","0.02","12.53","0.49","898","Harriet Hodges","Round Specialty Laser Printer Labels","0.38","United States","New York City","1/27/2015","1/27/2015","263.4","true","47","594.44","9606"
"1312","Not Specified","0.07","5.18","2.04","898","Harriet Hodges","Array® Memo Cubes","0.36","United States","New York City","1/27/2015","1/29/2015","37.31","true","44","228.5","9606"
"22724","High","0.04","90.97","28","899","Jordan Berry","Lexmark Z55se Color Inkjet Printer","0.38","United States","Altoona","1/12/2015","1/13/2015","-173.0952","false","2","191.1","86263"
"22725","High","0.07","20.34","35","899","Jordan Berry","Tennsco Commercial Shelving","0.84","United States","Altoona","1/12/2015","1/13/2015","-96.16","false","1","28.05","86263"
"19311","Not Specified","0.02","12.53","0.49","899","Jordan Berry","Round Specialty Laser Printer Labels","0.38","United States","Altoona","1/27/2015","1/27/2015","104.7213","true","12","151.77","86264"
"19312","Not Specified","0.07","5.18","2.04","899","Jordan Berry","Array® Memo Cubes","0.36","United States","Altoona","1/27/2015","1/29/2015","37.31","true","11","57.13","86264"
"24981","Not Specified","0","5.98","1.49","903","Francis Spivey","Avery Hanging File Binders","0.39","United States","Wilmington","3/12/2015","3/14/2015","80.6748","true","18","116.92","90806"
"22288","Critical","0.09","35.99","5.99","907","Rachel Casey","Accessory41","0.38","United States","Henderson","2/26/2015","2/27/2015","114.3165","true","5","151.6","86459"
"21345","Medium","0.09","2.6","2.4","907","Rachel Casey","12 Colored Short Pencils","0.58","United States","Henderson","6/17/2015","6/19/2015","1107.408","true","12","31.73","86460"
"19480","Critical","0","5.28","5.61","910","Carla Hauser","Xerox 1954","0.4","United States","Texarkana","5/14/2015","5/14/2015","-149.212","false","15","85.26","90187"
"25356","Not Specified","0.05","7.64","5.83","911","Marsha P Joyner","Rediform Wirebound ""Phone Memo"" Message Book, 11 x 5-3/4","0.36","United States","Wheeling","1/31/2015","2/2/2015","-21.018","false","2","16.6","90185"
"25357","Not Specified","0.04","218.75","69.64","911","Marsha P Joyner","BoxOffice By Design Rectangular and Half-Moon Meeting Room Tables","0.72","United States","Wheeling","1/31/2015","2/1/2015","-655.529875","false","10","2285.41","90185"
"24028","High","0.01","59.76","9.71","911","Marsha P Joyner","Advantus 10-Drawer Portable Organizer, Chrome Metal Frame, Smoke Drawers","0.57","United States","Wheeling","4/4/2015","4/6/2015","354.3288","true","8","513.52","90186"
"24953","High","0.06","350.98","30","915","Carol Sherrill","Office Star - Professional Matrix Back Chair with 2-to-1 Synchro Tilt and Mesh Fabric Seat","0.61","United States","Bryan","1/4/2015","1/5/2015","-489.4156","false","1","346.52","86356"
"25833","Low","0.05","161.55","19.99","916","Marion Wilcox","Fellowes Super Stor/Drawer® Files","0.66","United States","Burleson","1/4/2015","1/11/2015","35.31","true","3","499.31","86357"
"25676","High","0.05","35.51","6.31","918","Kerry Jernigan","Steel Personal Filing/Posting Tote","0.58","United States","Rancho Cucamonga","4/12/2015","4/14/2015","6.11","true","2","73.1","90492"
"19772","Critical","0.09","58.14","36.61","918","Kerry Jernigan","O'Sullivan 3-Shelf Heavy-Duty Bookcases","0.61","United States","Rancho Cucamonga","5/20/2015","5/21/2015","187.412","true","39","2115.06","90493"
"25677","High","0.1","8.34","2.64","919","Tracy Livingston","Acme® Elite Stainless Steel Scissors","0.59","United States","Redding","4/12/2015","4/12/2015","-6.34","false","6","47.95","90492"
"21970","Low","0.1","15.98","4","920","Jessie Kelly","Logitech Access Keyboard","0.37","United States","Redlands","3/27/2015","4/1/2015","92.7222","true","9","134.38","90491"
"25678","High","0.03","8.04","8.94","920","Jessie Kelly","Fellowes Twister Kit, Gray/Clear, 3/pkg","0.4","United States","Redlands","4/12/2015","4/14/2015","-160.2755","false","9","76.77","90492"
"18395","Not Specified","0.01","65.99","8.99","922","Dolores Abrams","5180","0.56","United States","Rancho Cucamonga","5/20/2015","5/21/2015","396.972","true","14","782","87135"
"19973","Critical","0.03","2.18","1.38","925","Ruth Dudley","Advantus Push Pins","0.44","United States","Augusta","4/6/2015","4/6/2015","-7.04","false","7","15.73","87134"
"19974","Critical","0.01","170.98","35.89","929","Calvin Conway","Rush Hierlooms Collection 1"" Thick Stackable Bookcases","0.66","United States","Old Bridge","4/6/2015","4/8/2015","538.52","true","10","1719.07","87134"
"21077","Critical","0.05","6.04","2.14","936","Robyn Garner","Adams Telephone Message Books, 5 1/4” x 11”","0.38","United States","Redlands","2/17/2015","2/19/2015","-4.14","false","1","8.41","90588"
"23716","Not Specified","0.05","5.98","5.46","936","Robyn Garner","Xerox 1983","0.36","United States","Redlands","6/27/2015","6/27/2015","-31.885","false","17","104.95","90589"
"23717","Not Specified","0.01","65.99","3.99","937","Kelly Shaw","StarTAC 7760","0.59","United States","Redondo Beach","6/27/2015","6/28/2015","-95.2105","false","3","166.59","90589"
"22638","Low","0.09","100.98","35.84","940","Albert Maxwell","Bush Westfield Collection Bookcases, Fully Assembled","0.62","United States","New Milford","4/14/2015","4/19/2015","-193.58","false","4","396.19","90844"
"23479","Not Specified","0.03","31.74","12.62","945","Stephanie Sun Perry","GBC Wire Binding Strips","0.37","United States","Saratoga","3/6/2015","3/6/2015","-4.30099999999999","false","3","98.7","86567"
"24459","Critical","0.09","90.98","56.2","946","Denise Parks","Eldon ClusterMat Chair Mat with Cordless Antistatic Protection","0.74","United States","Auburn","3/1/2015","3/2/2015","-1570.32","false","20","1782.44","86566"
"24693","Critical","0.08","14.2","5.3","947","Dorothy Buchanan","Coloredge Poster Frame","0.46","United States","Bayonne","1/11/2015","1/13/2015","27.23","true","5","72.11","86565"
"1279","Critical ","0.06","40.98","2.99","949","Ernest Oh","Avery Trapezoid Ring Binder, 3"" Capacity, Black, 1040 sheets","0.36","United States","Los Angeles","1/2/2015","1/4/2015","-19.0992","false","3","124.81","9285"
"1128","Low","0.02","48.04","5.09","949","Ernest Oh","Xerox 1910","0.37","United States","Los Angeles","3/22/2015","3/26/2015","373.67","true","18","881.32","8257"
"19279","Critical","0.06","40.98","2.99","950","Jane Shah","Avery Trapezoid Ring Binder, 3"" Capacity, Black, 1040 sheets","0.36","United States","Prior Lake","1/2/2015","1/4/2015","-14.80188","false","1","41.6","89083"
"19127","Low","0.05","1500.97","29.7","950","Jane Shah","Epson DFX5000+ Dot Matrix Printer","0.57","United States","Prior Lake","3/22/2015","3/22/2015","-2561.3235","false","1","1497.22","89084"
"19128","Low","0.02","48.04","5.09","950","Jane Shah","Xerox 1910","0.37","United States","Prior Lake","3/22/2015","3/26/2015","168.9189","true","5","244.81","89084"
"19129","Low","0.03","4.28","1.6","950","Jane Shah","Newell 320","0.58","United States","Prior Lake","3/22/2015","3/29/2015","-6.2","false","1","4.55","89084"
"20073","Low","0.1","7.31","0.49","954","Tony Chandler","Self-Adhesive Address Labels for Typewriters by Universal","0.38","United States","Highland Village","2/12/2015","2/21/2015","19.0647","true","4","27.63","90771"
"20074","Low","0.08","6.7","1.56","954","Tony Chandler","Turquoise Lead Holder with Pocket Clip","0.52","United States","Highland Village","2/12/2015","2/12/2015","10.56","true","5","31.21","90771"
"25795","Not Specified","0.01","145.45","17.85","959","Sally House","Panasonic KX-P1150 Dot Matrix Printer","0.56","United States","Burleson","3/22/2015","3/23/2015","837.6807","true","8","1214.03","91581"
"20428","Low","0.03","2.94","0.96","960","Phillip Chappell","Newell 343","0.58","United States","Redondo Beach","2/4/2015","2/8/2015","-4.2","false","1","3.51","89401"
"20685","Not Specified","0.05","124.49","51.94","961","Benjamin Chan","Bevis 36 x 72 Conference Tables","0.63","United States","Redwood City","2/24/2015","2/24/2015","-44.1636","false","1","120.12","89402"
"2428","Low","0.03","2.94","0.96","962","Yvonne Clarke","Newell 343","0.58","United States","Chicago","2/4/2015","2/8/2015","-4.2","false","2","7.01","17636"
"25093","Medium","0","170.98","35.89","970","Lynn Payne","Rush Hierlooms Collection 1"" Thick Stackable Bookcases","0.66","United States","Rose Hill","4/20/2015","4/21/2015","-102.662","false","8","1452.18","86173"
"20536","Low","0.03","284.98","69.55","972","Gregory Holden","Global Commerce™ Series High-Back Swivel/Tilt Chairs","0.6","United States","Riverside","2/28/2015","3/5/2015","-116.584","false","2","619.38","87259"
"20537","Low","0","12.99","14.37","972","Gregory Holden","Tensor ""Hersey Kiss"" Styled Floor Lamp","0.73","United States","Riverside","2/28/2015","2/28/2015","12.8961","true","1","18.69","87259"
"24298","Low","0.1","2.22","5","975","Francis Evans","Hoover Replacement Belt for Commercial Guardsman Heavy-Duty Upright Vacuum","0.55","United States","Boston","4/4/2015","4/9/2015","-21.3192","false","3","8.8","87260"
"22646","Medium","0","37.76","12.9","980","Howard Burnett","Companion Letter/Legal File, Black","0.57","United States","South Burlington","2/5/2015","2/6/2015","93.8468","true","12","477.2","87258"
"20010","Low","0.09","300.97","7.18","983","Sue Drake","Gyration Ultra Professional Cordless Optical Suite","0.48","United States","Searcy","4/27/2015","4/27/2015","17.772","true","10","2848.38","90201"
"25895","High","0.05","4.28","5.17","993","Gail Currin","Xerox 1971","0.4","United States","Oxnard","2/19/2015","2/19/2015","-104.57","false","9","38.58","89432"
"19004","High","0.1","400.98","76.37","994","Neal Weber","Bretford CR8500 Series Meeting Room Furniture","0.6","United States","Sanford","3/14/2015","3/15/2015","-969.048366","false","2","810.47","89433"
"23840","Low","0.09","7.64","5.83","995","Lloyd Spencer","Rediform Wirebound ""Phone Memo"" Message Book, 11 x 5-3/4","0.36","United States","West Scarborough","5/10/2015","5/15/2015","4.032","true","9","72.83","89434"
"22639","Low","0.08","67.84","0.99","997","Phillip Pollard","Fellowes Command Center 5-outlet power strip","0.58","United States","Bayonne","1/24/2015","1/29/2015","-23.6344","false","1","63.66","89431"
"19003","High","0.08","45.19","1.99","999","Rita Barton","Verbatim DVD-RAM, 9.4GB, Rewritable, Type 1, DS, DataLife Plus","0.55","United States","Ridgewood","3/14/2015","3/15/2015","-71.83","false","3","127.22","89433"
"19002","High","0.03","33.98","19.99","1000","Lynn Bell","Linden® 12"" Wall Clock With Oak Frame","0.55","United States","Bennington","3/14/2015","3/15/2015","-0.740000000000009","false","12","432.44","89433"
"19380","Low","0.06","10.14","2.27","1005","Lloyd Dickson","Staples Wirebound Steno Books, 6"" x 9"", 12/Pack","0.36","United States","Buffalo Grove","3/4/2015","3/4/2015","-3.88","false","1","12.18","90043"
"20167","High","0.02","40.99","17.48","1005","Lloyd Dickson","Xerox 1893","0.36","United States","Buffalo Grove","2/27/2015","2/28/2015","551.0928","true","23","950.43","90044"
"18529","High","0.01","3.15","0.49","1008","Priscilla Frank","Self-Adhesive Removable Labels","0.37","United States","Gorham","5/25/2015","5/27/2015","17.5053","true","8","25.37","88371"
"18886","High","0.1","550.98","45.7","1009","Kristin George","Chromcraft Bull-Nose Wood Oval Conference Tables & Bases","0.71","United States","Saco","6/19/2015","6/21/2015","818.546175","true","14","6963.67","88372"
"21184","Critical","0.09","28.48","1.99","1014","Theresa Winters","Memorex 4.7GB DVD+RW, 3/Pack","0.4","United States","Bryant","3/1/2015","3/2/2015","-17.15","false","6","160.17","88387"
"21185","Critical","0","2.08","5.33","1014","Theresa Winters","Eldon® Wave Desk Accessories","0.43","United States","Bryant","3/1/2015","3/3/2015","-29.54","false","3","7.47","88387"
"21186","Critical","0.06","45.99","4.99","1014","Theresa Winters","KF 788","0.56","United States","Bryant","3/1/2015","3/2/2015","-329.784","false","10","370.81","88387"
"20880","Not Specified","0.08","10.91","2.99","1014","Theresa Winters","Heavy-Duty E-Z-D® Binders","0.38","United States","Bryant","3/5/2015","3/6/2015","-2.1","false","11","119.99","88388"
"20531","Medium","0","43.98","8.99","1015","Beverly Cameron","Boston 1645 Deluxe Heavier-Duty Electric Pencil Sharpener","0.58","United States","Apex","3/18/2015","3/18/2015","829.467","true","14","650.7","88390"
"24752","High","0.02","6.48","7.86","1016","Francis Sherrill","Xerox 213","0.37","United States","Asheville","6/12/2015","6/13/2015","111.222","true","1","11.41","88389"
"25027","Medium","0.05","35.89","14.72","1018","Meredith Humphrey","Jet-Pak Recycled Peel 'N' Seal Padded Mailers","0.4","United States","Cary","4/8/2015","4/9/2015","22.866","true","19","680.39","88391"
"25028","Medium","0","11.48","5.43","1018","Meredith Humphrey","Personal Creations™ Ink Jet Cards and Labels","0.36","United States","Cary","4/8/2015","4/8/2015","115.728","true","6","75.52","88391"
"24926","Critical","0.09","517.48","16.63","1020","Julie Porter","Panasonic KX-P3626 Dot Matrix Printer","0.59","United States","Pittsburg","3/7/2015","3/7/2015","909.36","true","5","2354.54","88632"
"23562","Critical","0.07","4.13","5.04","1020","Julie Porter","ACCOHIDE® 3-Ring Binder, Blue, 1""","0.38","United States","Pittsburg","2/6/2015","2/7/2015","-76.4244","false","20","79.06","88634"
"23563","Critical","0","4.48","2.5","1020","Julie Porter","Ampad #10 Peel & Seel® Holiday Envelopes","0.37","United States","Pittsburg","2/6/2015","2/8/2015","8.732","true","14","65.14","88634"
"18921","Critical","0.02","39.06","10.55","1023","Glen Newman","Ibico Recycled Linen-Style Covers","0.37","United States","Wilkinsburg","5/15/2015","5/15/2015","442.0899","true","16","640.71","88633"
"18922","Critical","0.1","37.7","2.99","1023","Glen Newman","Vinyl Sectional Post Binders","0.35","United States","Wilkinsburg","5/15/2015","5/16/2015","455.124","true","18","659.6","88633"
"21402","Not Specified","0.08","65.99","5.92","1026","Eugene Kerr","i500plus","0.58","United States","Central Islip","2/7/2015","2/7/2015","624.40164","true","22","1137.6","89005"
"20872","High","0.1","5.98","3.85","1026","Eugene Kerr","Imation 3.5"" IBM-Formatted Diskettes, 10/Pack","0.68","United States","Central Islip","5/29/2015","5/30/2015","18.922","true","26","151.55","89008"
"20873","High","0.07","2.61","0.5","1026","Eugene Kerr","Avery 494","0.39","United States","Central Islip","5/29/2015","6/1/2015","39.3507","true","22","57.03","89008"
"22662","High","0.1","73.98","4","1027","Brian Bennett","Keytronic French Keyboard","0.79","United States","Cheektowaga","3/12/2015","3/13/2015","-229.87","false","5","347.23","89004"
"22663","High","0.05","51.98","10.17","1027","Brian Bennett","Canon MP25DIII Desktop Whisper-Quiet Printing Calculator","0.37","United States","Cheektowaga","3/12/2015","3/13/2015","329.9787","true","9","478.23","89004"
"24325","Medium","0.07","7.08","2.35","1028","Marguerite Rodgers","SANFORD Major Accent™ Highlighters","0.47","United States","Commack","3/29/2015","3/30/2015","30.49","true","13","93.82","89006"
"23398","Not Specified","0.05","83.1","6.13","1028","Marguerite Rodgers","Micro Innovations Micro Digital Wireless Keyboard and Mouse, Gray","0.45","United States","Commack","5/8/2015","5/9/2015","1152.5277","true","20","1670.33","89007"
"21959","Critical","0.07","125.99","2.5","1035","Kent Burton","i2000","0.6","United States","Delaware","3/13/2015","3/13/2015","-604.406","false","1","100.59","90710"
"21960","Critical","0.03","99.99","19.99","1036","Jessica Huffman","US Robotics 56K V.92 External Faxmodem","0.52","United States","Dublin","3/13/2015","3/14/2015","293.66","true","6","598.38","90710"
"20669","Critical","0.1","7.64","5.83","1038","Jon Hale","Rediform Wirebound ""Phone Memo"" Message Book, 11 x 5-3/4","0.36","United States","Belle Glade","6/16/2015","6/17/2015","-403.1874","false","5","39.36","90641"
"18404","Critical","0.06","55.94","4","1041","Mildred Chase","Fellowes Smart Design 104-Key Enhanced Keyboard, PS/2 Adapter, Platinum","0.74","United States","Woodland","4/17/2015","4/18/2015","-13.77","false","6","322.77","87846"
"18405","Critical","0.07","6.3","0.5","1041","Mildred Chase","Avery 48","0.39","United States","Woodland","4/17/2015","4/17/2015","44.9121","true","11","65.09","87846"
"20937","Critical","0","14.42","6.75","1042","Jerome Burch","Holmes Odor Grabber","0.52","United States","Yuba City","5/16/2015","5/17/2015","9.33","true","6","98.96","87847"
"3926","Critical","0.02","209.84","21.21","1044","Erin Ballard","Luxo Professional Fluorescent Magnifier Lamp with Clamp-Mount Base","0.59","United States","Los Angeles","6/14/2015","6/14/2015","2593.14","true","62","13546.94","28001"
"3927","Critical","0.01","194.3","11.54","1044","Erin Ballard","Electrix Halogen Magnifier Lamp","0.59","United States","Los Angeles","6/14/2015","6/16/2015","1162.76","true","32","6401.65","28001"
"6711","High","0","6.68","5.66","1044","Erin Ballard","Xerox 1923","0.37","United States","Los Angeles","2/27/2015","2/28/2015","-76.94","false","90","617.4","47813"
"24711","High","0","6.68","5.66","1047","Gayle Pearson","Xerox 1923","0.37","United States","Boston","2/27/2015","2/28/2015","-40.0088","false","23","157.78","89389"
"26259","Not Specified","0.03","5.44","7.46","1054","Keith R Atkinson","Wilson Jones Custom Binder Spines & Labels","0.36","United States","Surprise","5/25/2015","5/27/2015","-51.704","false","4","26.31","90069"
"26260","Not Specified","0.08","26.38","5.58","1054","Keith R Atkinson","Xerox 1883","0.39","United States","Surprise","5/25/2015","5/26/2015","144.7482","true","8","209.78","90069"
"26261","Not Specified","0.06","20.99","2.5","1054","Keith R Atkinson","Accessory37","0.81","United States","Surprise","5/25/2015","5/27/2015","-112.189","false","1","17.83","90069"
"8200","Medium","0.09","138.75","52.42","1060","Gene Gilliam","Balt Split Level Computer Training Table","0.74","United States","Atlanta","3/24/2015","3/25/2015","-445.97177625","false","23","2527.79","58628"
"7980","Low","0.07","6.3","0.5","1060","Gene Gilliam","Avery 51","0.39","United States","Atlanta","5/30/2015","5/30/2015","4.1674","true","20","121.87","57061"
"26200","Medium","0.09","138.75","52.42","1062","Willie Robinson","Balt Split Level Computer Training Table","0.74","United States","Coram","3/24/2015","3/25/2015","-335.317125","false","6","659.42","91354"
"25979","Low","0.04","22.38","15.1","1062","Willie Robinson","Avery Flip-Chart Easel Binder, Black","0.38","United States","Coram","5/30/2015","6/7/2015","16.0218","true","18","403.53","91355"
"25981","Low","0.06","17.78","5.03","1062","Willie Robinson","Seth Thomas 13 1/2"" Wall Clock","0.54","United States","Coram","5/30/2015","6/2/2015","38.0673","true","3","55.17","91355"
"19445","Critical","0.01","15.99","13.18","1065","Vicki Bond","GBC Pre-Punched Binding Paper, Plastic, White, 8-1/2"" x 11""","0.37","United States","Burbank","2/18/2015","2/20/2015","-99.43544","false","23","377.44","88899"
"20445","Low","0.04","22.84","16.87","1068","Erik Barr","Xerox 1982","0.39","United States","Calumet City","3/16/2015","3/16/2015","-97.28","false","12","286.4","87109"
"24737","Medium","0.02","15.94","5.45","1069","Pam Bennett","Boston 16701 Slimline Battery Pencil Sharpener","0.55","United States","Carbondale","5/14/2015","5/15/2015","139.612","true","41","664.34","87110"
"22685","Not Specified","0.01","150.89","60.2","1072","Marion Owens","Global Leather & Oak Executive Chair, Burgundy","0.77","United States","Bethlehem","3/27/2015","3/30/2015","-505.76","false","3","473.53","89631"
"26176","High","0.04","19.23","6.15","1075","Theodore Tyson","Executive Impressions 13"" Clairmont Wall Clock","0.44","United States","Romeoville","3/9/2015","3/10/2015","152.4348","true","11","220.92","86422"
"23312","Not Specified","0.08","13.9","7.59","1080","Colleen Fletcher","Acme Hot Forged Carbon Steel Scissors with Nickel-Plated Handles, 3 7/8"" Cut, 8""L","0.56","United States","Saint Charles","5/8/2015","5/9/2015","9.86200000000001","true","14","196.41","88461"
"24324","Not Specified","0.07","55.99","5","1083","Hazel Dale","Accessory36","0.83","United States","Springfield","3/31/2015","4/2/2015","-232.991","false","1","54.08","88460"
"18047","Not Specified","0.05","7.64","5.83","1085","Ted Dunlap","Rediform Wirebound ""Phone Memo"" Message Book, 11 x 5-3/4","0.36","United States","Deer Park","1/5/2015","1/6/2015","-40.2752","false","6","47.18","86122"
"25279","High","0.04","9.06","9.86","1085","Ted Dunlap","Southworth 25% Cotton Linen-Finish Paper & Envelopes","0.4","United States","Deer Park","4/24/2015","4/25/2015","-53.25","false","3","30.87","86123"
"23104","Not Specified","0.06","30.42","8.65","1085","Ted Dunlap","Fellowes Internet Keyboard, Platinum","0.74","United States","Deer Park","5/13/2015","5/15/2015","-159.25","false","10","309.05","86124"
"23105","Not Specified","0.02","37.94","5.08","1085","Ted Dunlap","Snap-A-Way® Black Print Carbonless Ruled Speed Letter, Triplicate","0.38","United States","Deer Park","5/13/2015","5/14/2015","206.517","true","8","299.3","86124"
"25280","High","0.04","14.27","7.27","1086","Leon Peele","GBC Laser Imprintable Binding System Covers, Desert Sand","0.38","United States","Dix Hills","4/24/2015","4/25/2015","2.125","true","3","45.24","86123"
"22537","Medium","0.02","15.14","4.53","1101","Kimberly McCarthy","Eldon® Gobal File Keepers","0.81","United States","Oxnard","5/5/2015","5/6/2015","5.88400000000001","true","3","51.02","91488"
"21847","Not Specified","0.05","328.14","91.05","1103","Sidney Bowling","Sanyo Counter Height Refrigerator with Crisper, 3.6 Cubic Foot, Stainless Steel/Black","0.57","United States","Omaha","4/10/2015","4/11/2015","772.04","true","7","2291.39","90977"
"3847","Not Specified","0.05","328.14","91.05","1104","Timothy Ross","Sanyo Counter Height Refrigerator with Crisper, 3.6 Cubic Foot, Stainless Steel/Black","0.57","United States","New York City","4/10/2015","4/11/2015","772.04","true","29","9492.92","27456"
"2808","Medium","0.04","6.35","1.02","1106","Maxine Collier Grady","Telephone Message Books with Fax/Mobile Section, 5 1/2"" x 3 3/16""","0.39","United States","Dallas","5/20/2015","5/23/2015","81.91","true","52","318.47","20261"
"106","High","0.01","9.31","3.98","1106","Maxine Collier Grady","Acme® Forged Steel Scissors with Black Enamel Handles","0.56","United States","Dallas","5/21/2015","5/22/2015","-10.9","false","61","586.96","646"
"6443","Not Specified","0.08","140.81","24.49","1106","Maxine Collier Grady","Hon Olson Stacker Stools","0.57","United States","Dallas","6/6/2015","6/8/2015","1232.79","true","81","11272.77","45824"
"18106","High","0.01","9.31","3.98","1107","Joanna Keith","Acme® Forged Steel Scissors with Black Enamel Handles","0.56","United States","Lake Jackson","5/21/2015","5/22/2015","2.18","true","15","144.33","86411"
"20807","Medium","0.09","31.74","12.62","1108","Dwight Bishop","GBC Wire Binding Strips","0.37","United States","Lancaster","5/20/2015","5/20/2015","67.1075","true","9","270.55","86409"
"20808","Medium","0.04","6.35","1.02","1108","Dwight Bishop","Telephone Message Books with Fax/Mobile Section, 5 1/2"" x 3 3/16""","0.39","United States","Lancaster","5/20/2015","5/23/2015","54.9378","true","13","79.62","86409"
"20809","Medium","0.02","65.99","8.99","1108","Dwight Bishop","Talkabout T8367","0.56","United States","Lancaster","5/20/2015","5/21/2015","168.237","true","8","479.79","86409"
"22480","Medium","0.08","8.37","10.16","1109","Dennis Welch","Westinghouse Clip-On Gooseneck Lamps","0.59","United States","Laredo","6/29/2015","6/29/2015","-169.232","false","13","108.99","86410"
"20176","Not Specified","0.03","300.98","54.92","1112","Luis Kerr","Atlantic Metals Mobile 5-Shelf Bookcases, Custom Colors","0.55","United States","Yucaipa","4/2/2015","4/4/2015","1272.5808","true","12","3527.82","90832"
"20177","Not Specified","0.02","2550.14","29.7","1112","Luis Kerr","Epson DFX-8500 Dot Matrix Printer","0.57","United States","Yucaipa","4/2/2015","4/4/2015","-5390.738892","false","2","4698.21","90832"
"26060","Critical","0.01","2.89","0.5","1113","Julia Reynolds","Avery 498","0.38","United States","Arvada","4/6/2015","4/7/2015","29.7252","true","14","43.08","90833"
"26061","Critical","0","55.99","5","1113","Julia Reynolds","Accessory6","0.8","United States","Arvada","4/6/2015","4/8/2015","-187.11","false","5","258.93","90833"
"21579","Not Specified","0.06","64.65","35","1117","Samantha Koch","Space Solutions Commercial Steel Shelving","0.8","United States","Tucson","2/5/2015","2/6/2015","-139.2872","false","4","277.6","86768"
"21329","Low","0.04","19.98","8.68","1121","Tonya Proctor","Southworth 25% Cotton Premium Laser Paper and Envelopes","0.37","United States","Temecula","2/7/2015","2/14/2015","108","true","8","168.04","86767"
"21330","Low","0.08","125.99","7.69","1121","Tonya Proctor","Timeport L7089","0.58","United States","Temecula","2/7/2015","2/9/2015","377.154","true","7","703.46","86767"
"20612","High","0.03","7.3","7.72","1123","Peggy Lanier","Angle-D Binders with Locking Rings, Label Holders","0.38","United States","Roseville","3/15/2015","3/18/2015","-127.052","false","14","103.61","87015"
"18212","High","0.09","175.99","4.99","1123","Peggy Lanier","5165","0.59","United States","Roseville","6/20/2015","6/22/2015","2169.7464","true","22","3144.56","87016"
"18211","High","0.09","160.98","35.02","1124","Randy Jiang","Rush Hierlooms Collection Rich Wood Bookcases","0.72","United States","Norwich","6/20/2015","6/21/2015","-229.93","false","18","2653.02","87016"
"22052","Medium","0.02","4.06","6.89","1127","Ray Grady","Eureka Disposable Bags for Sanitaire® Vibra Groomer I® Upright Vac","0.6","United States","Eagle Pass","2/24/2015","2/26/2015","-93.7352","false","16","66.81","87221"
"26377","Low","0.04","4.71","0.7","1127","Ray Grady","Plymouth Boxed Rubber Bands by Plymouth","0.8","United States","Eagle Pass","6/22/2015","6/26/2015","4.53","true","19","90.52","87222"
"26378","Low","0.06","4.2","2.26","1128","Kurt O'Connor","Important Message Pads, 50 4-1/4 x 5-1/2 Forms per Pad","0.36","United States","Edinburg","6/22/2015","6/27/2015","9.78","true","13","55.97","87222"
"4501","Low","0.04","8.6","6.19","1129","Pam Patton","Avery Printable Repositionable Plastic Tabs","0.38","United States","Boston","2/16/2015","2/23/2015","-63.8135","false","37","311.66","32037"
"4502","Low","0.07","699.99","24.49","1129","Pam Patton","Canon Imageclass D680 Copier / Fax","0.54","United States","Boston","2/16/2015","2/20/2015","325.29","true","15","9862.51","32037"
"6891","Not Specified","0.05","5.78","7.64","1129","Pam Patton","HP Office Recycled Paper (20Lb. and 87 Bright)","0.36","United States","Boston","3/29/2015","3/31/2015","-116.05","false","29","177.41","49125"
"1917","Medium","0.02","7.64","1.39","1129","Pam Patton","#10- 4 1/8"" x 9 1/2"" Security-Tint Envelopes","0.36","United States","Boston","5/21/2015","5/23/2015","117.38","true","52","406.91","13735"
"5568","Low","0.03","30.98","6.5","1129","Pam Patton","Logitech Internet Navigator Keyboard","0.79","United States","Boston","6/13/2015","6/17/2015","-144.2","false","44","1332.09","39430"
"8099","Low","0.02","4.98","6.07","1129","Pam Patton","Xerox 1897","0.36","United States","Boston","1/26/2015","1/28/2015","-46.92","false","19","105.5","57794"
"19917","Medium","0.02","7.64","1.39","1131","Benjamin Strauss","#10- 4 1/8"" x 9 1/2"" Security-Tint Envelopes","0.36","United States","El Paso","5/21/2015","5/23/2015","70.1937","true","13","101.73","88103"
"23860","Medium","0.06","6.37","5.19","1132","Michael Robbins","C-Line Peel & Stick Add-On Filing Pockets, 8-3/4 x 5-1/8, 10/Pack","0.38","United States","Euless","2/10/2015","2/11/2015","-48.2195","false","6","37.7","88101"
"22501","Low","0.04","8.6","6.19","1132","Michael Robbins","Avery Printable Repositionable Plastic Tabs","0.38","United States","Euless","2/16/2015","2/23/2015","-63.8135","false","9","75.81","88102"
"22502","Low","0.07","699.99","24.49","1132","Michael Robbins","Canon Imageclass D680 Copier / Fax","0.54","United States","Euless","2/16/2015","2/20/2015","325.29","true","4","2630","88102"
"23568","Low","0.03","30.98","6.5","1132","Michael Robbins","Logitech Internet Navigator Keyboard","0.79","United States","Euless","6/13/2015","6/17/2015","-115.36","false","11","333.02","88104"
"26099","Low","0.02","4.98","6.07","1133","Marjorie Owens","Xerox 1897","0.36","United States","Farmers Branch","1/26/2015","1/28/2015","-46.92","false","5","27.76","88105"
"22119","High","0.09","270.97","28.06","1136","Carmen McPherson","Epson LQ-570e Dot Matrix Printer","0.56","United States","Carol Stream","1/2/2015","1/4/2015","2660.1432","true","15","3855.28","87940"
"19357","Medium","0.02","160.98","30","1138","Malcolm Floyd","Office Star - Mid Back Dual function Ergonomic High Back Chair with 2-Way Adjustable Arms","0.62","United States","The Colony","2/16/2015","2/19/2015","-51.116","false","1","192.49","86574"
"25467","Medium","0.05","363.25","19.99","1142","Russell Chan","Hoover WindTunnel™ Plus Canister Vacuum","0.57","United States","Waco","1/4/2015","1/6/2015","1766.7795","true","7","2560.55","86573"
"24539","Medium","0.01","18.97","9.54","1142","Russell Chan","Xerox 1939","0.37","United States","Waco","6/6/2015","6/9/2015","85.875","true","11","227.67","86575"
"25179","Low","0.05","7.59","4","1151","Edna Huang","Master Giant Foot® Doorstop, Safety Yellow","0.42","United States","South Hadley","6/9/2015","6/9/2015","6.0927","true","1","8.83","91344"
"24224","Critical","0.09","9.11","2.15","1155","Alex Nicholson","Black Print Carbonless Snap-Off® Rapid Letter, 8 1/2"" x 7""","0.4","United States","Montebello","1/2/2015","1/4/2015","20.2996","true","4","34.41","90853"
"24225","Critical","0.08","15.04","1.97","1155","Alex Nicholson","White GlueTop Scratch Pads","0.39","United States","Montebello","1/2/2015","1/2/2015","108.5163","true","11","157.27","90853"
"20212","High","0.06","175.99","8.99","1156","Edith Forbes","2180","0.57","United States","Tewksbury","2/14/2015","2/15/2015","48.47148","true","7","1013.84","90855"
"20897","High","0.04","100.98","35.84","1159","Arlene Weeks","Bush Westfield Collection Bookcases, Fully Assembled","0.62","United States","Union City","5/20/2015","5/21/2015","-152.76","false","1","110.75","90854"
"18860","Not Specified","0.09","9.78","1.39","1170","Jessie Houston","Staples #10 Laser & Inkjet Envelopes, 4 1/8"" x 9 1/2"", 100/Box","0.39","United States","Newark","6/2/2015","6/3/2015","125.2074","true","19","181.46","87520"
"18861","Not Specified","0","200.99","8.08","1170","Jessie Houston","5125","0.59","United States","Newark","6/2/2015","6/4/2015","281.5344","true","6","1076.3","87520"
"19182","High","0.03","4.48","49","1178","Sandy Hunt","Hoover Portapower™ Portable Vacuum","0.6","United States","Altamonte Springs","4/9/2015","4/11/2015","64.266","true","2","21.46","89787"
"19183","High","0.06","350.99","39","1178","Sandy Hunt","Global Leather Executive Chair","0.55","United States","Altamonte Springs","4/9/2015","4/11/2015","-302.6156","false","10","3506.78","89787"
"19184","High","0.09","40.98","6.5","1178","Sandy Hunt","Targus USB Numeric Keypad","0.74","United States","Altamonte Springs","4/9/2015","4/11/2015","5.6916","true","7","267.69","89787"
"19185","High","0.09","349.45","60","1178","Sandy Hunt","SAFCO PlanMaster Heigh-Adjustable Drafting Table Base, 43w x 30d x 30-37h, Black","","United States","Altamonte Springs","4/9/2015","4/10/2015","-369.11","false","7","2307.26","89787"
"19484","High","0.07","2.61","0.5","1182","Jesse Williamson","Avery 494","0.39","United States","Spanish Fork","5/23/2015","5/23/2015","27.0135","true","15","39.15","86913"
"21522","Not Specified","0.04","35.99","3.3","1183","Becky O'Brien","Accessory9","0.39","United States","Springville","6/29/2015","6/29/2015","184.1955","true","9","266.95","86914"
"22190","Medium","0","6783.02","24.49","1185","Lee Xu","Polycom ViewStation™ ISDN Videoconferencing Unit","0.39","United States","Madison","3/21/2015","3/22/2015","4.11","true","3","20552.55","85938"
"20764","Not Specified","0.08","11.7","6.96","1185","Lee Xu","Harmony HEPA Quiet Air Purifiers","0.5","United States","Madison","4/10/2015","4/13/2015","28.566","true","8","87.8","85940"
"24358","Critical","0.07","400.97","48.26","1186","Glenda Herbert","Hewlett-Packard Deskjet 1220Cse Color Inkjet Printer","0.36","United States","Huntington Beach","4/9/2015","4/10/2015","2581.5591","true","10","3741.39","85939"
"18829","Low","0.06","10.89","4.5","1189","Dwight Stephenson","Belkin 6 Outlet Metallic Surge Strip","0.59","United States","Huntington Beach","6/17/2015","6/22/2015","-25.112","false","14","149.32","87584"
"18830","Low","0.03","10.64","5.16","1189","Dwight Stephenson","Eldon Expressions Punched Metal & Wood Desk Accessories, Pewter & Cherry","0.57","United States","Huntington Beach","6/17/2015","6/22/2015","17.376","true","16","177.01","87584"
"18831","Low","0.03","7.96","4.95","1189","Dwight Stephenson","Staples Plastic Wall Frames","0.41","United States","Huntington Beach","6/17/2015","6/19/2015","24.2604","true","4","35.16","87584"
"19553","Low","0.03","28.53","1.49","1191","John Morse","Lock-Up Easel 'Spel-Binder'","0.38","United States","New Britain","6/28/2015","7/1/2015","59.4405","true","3","88.84","87587"
"830","Low","0.03","10.64","5.16","1193","Louis Parrish","Eldon Expressions Punched Metal & Wood Desk Accessories, Pewter & Cherry","0.57","United States","Washington","6/17/2015","6/22/2015","14.48","true","63","696.96","5984"
"831","Low","0.03","7.96","4.95","1193","Louis Parrish","Staples Plastic Wall Frames","0.41","United States","Washington","6/17/2015","6/19/2015","22.25","true","17","149.41","5984"
"4131","High","0.05","52.4","16.11","1193","Louis Parrish","Ibico Laser Imprintable Binding System Covers","0.39","United States","Washington","2/25/2015","2/27/2015","592.5265","true","85","4556.63","29350"
"4133","High","0.05","36.55","13.89","1193","Louis Parrish","Dixon Ticonderoga Core-Lock Colored Pencils, 48-Color Set","0.41","United States","Washington","2/25/2015","2/26/2015","232.8","true","83","2948.61","29350"
"5468","Not Specified","0.03","5.98","1.49","1193","Louis Parrish","Avery Hanging File Binders","0.39","United States","Washington","5/1/2015","5/3/2015","38.08","true","85","517.85","38852"
"1552","Low","0.09","49.99","19.99","1193","Louis Parrish","Zoom V.92 USB External Faxmodem","0.41","United States","Washington","6/28/2015","6/30/2015","-17.03","false","48","2373.32","11206"
"1553","Low","0.03","28.53","1.49","1193","Louis Parrish","Lock-Up Easel 'Spel-Binder'","0.38","United States","Washington","6/28/2015","7/1/2015","39.627","true","11","325.73","11206"
"23468","Not Specified","0.03","5.98","1.49","1194","Sidney Brewer","Avery Hanging File Binders","0.39","United States","Immokalee","5/1/2015","5/3/2015","20.496","true","21","127.94","87586"
"19358","High","0.08","355.98","58.92","1197","Grace McNeill Hunt","Hon 4700 Series Mobuis™ Mid-Back Task Chairs with Adjustable Arms","0.64","United States","Sudbury","3/18/2015","3/20/2015","103.83","true","4","1350.94","87583"
"22132","High","0.1","15.14","4.53","1199","Edward Lamm","Eldon® Gobal File Keepers","0.81","United States","Nashua","2/25/2015","2/28/2015","-24.8976","false","5","75.17","87585"
"22131","High","0.05","52.4","16.11","1200","Beth English","Ibico Laser Imprintable Binding System Covers","0.39","United States","Elmwood Park","2/25/2015","2/27/2015","776.7744","true","21","1125.76","87585"
"22133","High","0.05","36.55","13.89","1202","Faye Wolf","Dixon Ticonderoga Core-Lock Colored Pencils, 48-Color Set","0.41","United States","South Orange","2/25/2015","2/26/2015","344.544","true","21","746.03","87585"
"19552","Low","0.09","49.99","19.99","1203","Judy Merritt","Zoom V.92 USB External Faxmodem","0.41","United States","Cranston","6/28/2015","6/30/2015","-8.515","false","12","593.33","87587"
"18636","Low","0.01","3.08","0.5","1211","Debra Proctor","Avery 497","0.37","United States","Fort Wayne","2/1/2015","2/6/2015","9.0045","true","4","13.05","88598"
"22528","High","0.08","4.91","4.97","1212","Eileen Fletcher","Pressboard Covers with Storage Hooks, 9 1/2"" x 11"", Light Blue","0.38","United States","Gary","1/15/2015","1/16/2015","-99.7625","false","12","58.95","88600"
"22529","High","0.01","3499.99","24.49","1212","Eileen Fletcher","Canon imageCLASS 2200 Advanced Copier","0.37","United States","Gary","1/15/2015","1/16/2015","-3061.82","false","1","3672.89","88600"
"24270","Low","0.07","29.89","1.99","1213","Jeremy Pratt","Verbatim DVD-RAM, 5.2GB, Rewritable, Type 1, DS","0.5","United States","Granger","2/4/2015","2/9/2015","258.6189","true","13","374.81","88599"
"24271","Low","0.03","8.34","4.82","1213","Jeremy Pratt","Southworth 25% Cotton Antique Laid Paper & Envelopes","0.4","United States","Granger","2/4/2015","2/8/2015","-6.71","false","5","43.27","88599"
"22530","High","0.03","5.84","1.2","1213","Jeremy Pratt","Newell 312","0.55","United States","Granger","1/15/2015","1/17/2015","-0.00999999999999979","false","2","11.74","88600"
"7632","Medium","0.09","130.98","30","1217","Billy Perry Browning","Office Star - Contemporary Task Swivel chair with 2-way adjustable arms, Plum","0.78","United States","Boston","4/28/2015","5/1/2015","-421.76","false","41","5258.94","54595"
"25631","Medium","0.02","8.34","2.64","1226","Ken Cash","Acme® Elite Stainless Steel Scissors","0.59","United States","Pawtucket","4/28/2015","4/30/2015","6.79","true","8","66.74","90800"
"25632","Medium","0.09","130.98","30","1227","Elsie Hwang","Office Star - Contemporary Task Swivel chair with 2-way adjustable arms, Plum","0.78","United States","South Burlington","4/28/2015","5/1/2015","-421.76","false","10","1282.67","90800"
"7810","Medium","0","7.1","6.05","1228","Hazel Jennings","Wilson Jones Hanging View Binder, White, 1""","0.39","United States","Philadelphia","2/16/2015","2/17/2015","-60.145","false","28","208.83","55874"
"7811","Medium","0.01","4.98","4.62","1228","Hazel Jennings","Imation 3.5"", DISKETTE 44766 HGHLD3.52HD/FM, 10/Pack","0.64","United States","Philadelphia","2/16/2015","2/18/2015","-111.72","false","41","228.3","55874"
"7812","Medium","0.06","5.68","1.39","1228","Hazel Jennings","Staples Standard Envelopes","0.38","United States","Philadelphia","2/16/2015","2/16/2015","33.01","true","24","129.53","55874"
"25811","Medium","0.01","4.98","4.62","1229","Patrick Byrne","Imation 3.5"", DISKETTE 44766 HGHLD3.52HD/FM, 10/Pack","0.64","United States","Sulphur Springs","2/16/2015","2/18/2015","-111.72","false","10","55.68","90378"
"21206","Critical","0.1","120.98","9.07","1233","Gary Hester","GBC VeloBinder Electric Binding Machine","0.35","United States","Flower Mound","4/9/2015","4/11/2015","297.45716","true","5","568.24","89375"
"21207","Critical","0.02","152.48","6.5","1233","Gary Hester","Adesso Programmable 142-Key Keyboard","0.74","United States","Flower Mound","4/9/2015","4/11/2015","-564.6024","false","1","162.91","89375"
"19874","High","0.09","99.99","19.99","1233","Gary Hester","US Robotics 56K V.92 External Faxmodem","0.52","United States","Flower Mound","6/4/2015","6/6/2015","-161.475","false","1","97.65","89376"
"19875","High","0.04","205.99","5.26","1233","Gary Hester","i470","0.56","United States","Flower Mound","6/4/2015","6/5/2015","-0.81400000000001","false","6","1018.61","89376"
"20592","Medium","0.03","128.24","12.65","1237","Eva Simpson","SAFCO Folding Chair Trolley","","United States","Carrollton","1/31/2015","2/2/2015","790.464","true","9","1145.6","86075"
"18625","Not Specified","0.02","7.38","5.21","1237","Eva Simpson","Eldon® Expressions™ Wood Desk Accessories, Oak","0.56","United States","Carrollton","3/29/2015","3/30/2015","7.74","true","3","24.52","86076"
"20432","Medium","0.05","300.98","13.99","1237","Eva Simpson","Polycom VoiceStation 100","0.39","United States","Carrollton","5/25/2015","5/26/2015","3985.3089","true","20","5775.81","86077"
"20433","Medium","0.04","205.99","5","1237","Eva Simpson","Phone 918","0.59","United States","Carrollton","5/25/2015","5/26/2015","13.9568","true","11","1878.24","86077"
"20593","Medium","0.01","160.98","30","1238","April Bowers","Office Star - Mid Back Dual function Ergonomic High Back Chair with 2-Way Adjustable Arms","0.62","United States","Cedar Hill","1/31/2015","2/2/2015","788.79","true","10","1634.67","86075"
"20920","Not Specified","0","387.99","19.99","1241","Bradley Schroeder","Fellowes PB300 Plastic Comb Binding Machine","0.38","United States","Auburn","3/16/2015","3/17/2015","-70.14","false","23","9280.72","90880"
"20233","Critical","0.06","200.97","15.59","1241","Bradley Schroeder","Hewlett-Packard Deskjet 6122 Color Inkjet Printer","0.36","United States","Auburn","3/25/2015","3/25/2015","531.618","true","7","1348.83","90881"
"5117","High","0.1","22.38","15.1","1246","Lois Hansen","Avery Flip-Chart Easel Binder, Black","0.38","United States","New York City","4/5/2015","4/6/2015","-107.5135","false","26","564.98","36452"
"5118","High","0.04","6.98","2.83","1246","Lois Hansen","G.E. Halogen Desk Lamp Bulbs","0.37","United States","New York City","4/5/2015","4/7/2015","46.01","true","18","129.48","36452"
"6581","Low","0.03","256.99","11.25","1246","Lois Hansen","Hayes Optima 56K V.90 Internal Voice Modem","0.51","United States","New York City","5/22/2015","5/22/2015","1489.8","true","32","8216.28","46853"
"23117","High","0.1","22.38","15.1","1247","Henry O'Connell","Avery Flip-Chart Easel Binder, Black","0.38","United States","Leander","4/5/2015","4/6/2015","-107.5135","false","7","152.11","91555"
"23118","High","0.04","6.98","2.83","1247","Henry O'Connell","G.E. Halogen Desk Lamp Bulbs","0.37","United States","Leander","4/5/2015","4/7/2015","24.8193","true","5","35.97","91555"
"18413","High","0","3.89","7.01","1250","Kara Patton","Avery Binder Labels","0.37","United States","Carpentersville","4/9/2015","4/9/2015","-255.1689","false","21","85.64","87877"
"18414","High","0.09","120.98","30","1250","Kara Patton","Hon Every-Day® Chair Series Swivel Task Chairs","0.64","United States","Carpentersville","4/9/2015","4/11/2015","74.0048","true","22","2508.15","87877"
"18415","High","0.1","30.98","5.76","1250","Kara Patton","IBM Multi-Purpose Copy Paper, 8 1/2 x 11"", Case","0.4","United States","Carpentersville","4/9/2015","4/10/2015","109.4248","true","8","225.62","87877"
"19322","Low","0.02","46.89","5.1","1253","Vickie Coates","Bionaire Personal Warm Mist Humidifier/Vaporizer","0.46","United States","Cedar Park","4/23/2015","4/23/2015","421.3485","true","13","610.65","89981"
"19323","Low","0.05","140.98","36.09","1253","Vickie Coates","Sauder Forest Hills Library, Woodland Oak Finish","0.77","United States","Cedar Park","4/23/2015","4/25/2015","-373.09","false","5","699.24","89981"
"19324","Low","0.1","212.6","110.2","1253","Vickie Coates","Bush Advantage Collection® Round Conference Table","0.73","United States","Cedar Park","4/23/2015","4/25/2015","-3465.072","false","12","2346.03","89981"
"23455","Medium","0.04","2.08","1.49","1254","Anne Bland","Economy Binders","0.36","United States","Channelview","5/21/2015","5/23/2015","-11.2815","false","16","33.77","89982"
"23815","Critical","0.06","80.98","35","1254","Anne Bland","Carina Double Wide Media Storage Towers in Natural & Black","0.81","United States","Channelview","3/12/2015","3/13/2015","-218.77","false","2","172.79","89983"
"23926","Medium","0.06","3.95","2","1254","Anne Bland","Advantus Map Pennant Flags and Round Head Tacks","0.53","United States","Channelview","3/24/2015","3/25/2015","-9.68","false","5","19.66","89984"
"18131","Medium","0.01","115.99","56.14","1257","Ryan Foster","Hewlett-Packard Deskjet 5550 Color Inkjet Printer","0.4","United States","Aurora","5/22/2015","5/23/2015","-164.3952","false","5","604.35","86535"
"18693","Critical","0.04","2.52","1.92","1257","Ryan Foster","Letter Slitter","0.82","United States","Aurora","4/24/2015","4/24/2015","-8.208","false","1","3.13","86536"
"24939","High","0.03","3.69","2.5","1259","Keith Hobbs","Colored Envelopes","0.39","United States","Danville","4/20/2015","4/20/2015","-2196.684","false","9","38.65","86534"
"21771","Critical","0.02","73.98","14.52","1261","Vickie Gonzalez","Keytronic French Keyboard","0.65","United States","Broomfield","5/7/2015","5/10/2015","43.538","true","5","378.23","89730"
"24559","Critical","0.05","5.28","6.26","1265","Danielle Kramer","Xerox 1928","0.4","United States","Altus","6/11/2015","6/12/2015","-11.376","false","1","7.15","89729"
"22363","Critical","0.01","13.99","7.51","1267","Rosemary Branch","Sharp EL500L Fraction Calculator","0.39","United States","Boca Raton","2/10/2015","2/11/2015","533.742","true","2","29.85","89514"
"21848","Not Specified","0.08","128.24","12.65","1267","Rosemary Branch","SAFCO Folding Chair Trolley","","United States","Boca Raton","5/12/2015","5/13/2015","-379.344","false","3","366.44","89515"
"21849","Not Specified","0.04","5.98","4.38","1267","Rosemary Branch","Imation 3.5"" DS/HD IBM Formatted Diskettes, 10/Pack","0.75","United States","Boca Raton","5/12/2015","5/14/2015","-1522.304","false","11","69.75","89515"
"19550","Medium","0.07","125.99","7.69","1271","Joanne Church","StarTAC 3000","0.59","United States","La Mesa","4/9/2015","4/10/2015","588.2457","true","8","852.53","88410"
"19398","Low","0.1","34.23","5.02","1271","Joanne Church","Hand-Finished Solid Wood Document Frame","0.55","United States","La Mesa","5/1/2015","5/6/2015","151.5654","true","7","219.66","88411"
"20628","Critical","0.07","40.98","7.47","1279","Josephine Rao","Wilson Jones Ledger-Size, Piano-Hinge Binder, 2"", Blue","0.37","United States","Hammond","3/1/2015","3/2/2015","54.9015","true","2","81.9","90114"
"25005","Not Specified","0","442.14","14.7","1279","Josephine Rao","Okidata ML390 Turbo Dot Matrix Printers","0.56","United States","Hammond","3/5/2015","3/5/2015","501.51","true","5","2343.34","90115"
"2628","Critical","0.07","40.98","7.47","1280","Harold Albright","Wilson Jones Ledger-Size, Piano-Hinge Binder, 2"", Blue","0.37","United States","Seattle","3/1/2015","3/2/2015","54.9015","true","8","327.61","19042"
"22125","Low","0.1","238.4","24.49","1281","Pauline Denton","Safco Contoured Stacking Chairs","","United States","Vincennes","1/24/2015","1/26/2015","875.2844","true","8","1774.5","89112"
"22126","Low","0.03","199.99","24.49","1281","Pauline Denton","Canon PC-428 Personal Copier","0.46","United States","Vincennes","1/24/2015","1/26/2015","727.7361","true","5","1054.69","89112"
"4125","Low","0.1","238.4","24.49","1282","Dana Sharpe","Safco Contoured Stacking Chairs","","United States","Philadelphia","1/24/2015","1/26/2015","460.676","true","30","6654.39","29319"
"4126","Low","0.03","199.99","24.49","1282","Dana Sharpe","Canon PC-428 Personal Copier","0.46","United States","Philadelphia","1/24/2015","1/26/2015","393.42","true","21","4429.69","29319"
"19990","Not Specified","0.04","150.98","13.99","1298","Herbert Beard","Canon MP41DH Printing Calculator","0.38","United States","Sulphur Springs","2/12/2015","2/15/2015","606.0546","true","6","878.34","90662"
"19991","Not Specified","0.04","176.19","11.87","1298","Herbert Beard","Fellowes High-Stak® Drawer Files","0.62","United States","Sulphur Springs","2/12/2015","2/14/2015","320.1","true","4","676.57","90662"
"23120","High","0.03","39.48","1.99","1303","Cindy Harvey","80 Minute CD-R Spindle, 100/Pack - Staples","0.54","United States","Tooele","2/19/2015","2/21/2015","317.0895","true","12","459.55","87003"
"20652","Low","0.01","65.99","5.31","1303","Cindy Harvey","3390","0.57","United States","Tooele","2/19/2015","2/26/2015","250.36272","true","9","536.9","87005"
"25092","Medium","0.08","2.88","0.5","1304","Sherri McIntosh","Avery 507","0.39","United States","West Jordan","4/23/2015","4/24/2015","6.0306","true","3","8.74","87004"
"26274","High","0.04","62.18","10.84","1305","Chris Pritchard","Deflect-o Glass Clear Studded Chair Mats","0.63","United States","West Valley City","2/17/2015","2/19/2015","125.8077","true","3","182.33","87002"
"22832","Low","0.04","8.33","1.99","1307","Teresa Hill","80 Minute Slim Jewel Case CD-R , 10/Pack - Staples","0.52","United States","Coos Bay","6/30/2015","7/7/2015","44.892","true","16","131.26","91451"
"3167","Medium","0.04","5.34","2.99","1314","Keith Marsh","Wilson Jones 14 Line Acrylic Coated Pressboard Data Binders","0.38","United States","Los Angeles","3/30/2015","4/1/2015","3.451","true","45","240.6","22755"
"3168","Medium","0.06","55.99","5","1314","Keith Marsh","Accessory6","0.8","United States","Los Angeles","3/30/2015","4/1/2015","-275.253","false","5","236.88","22755"
"3791","Low","0.05","80.98","35","1314","Keith Marsh","Carina Double Wide Media Storage Towers in Natural & Black","0.81","United States","Los Angeles","1/5/2015","1/9/2015","-746.44","false","34","2710.47","27013"
"3792","Low","0.05","279.48","35","1314","Keith Marsh","Tennsco Snap-Together Open Shelving Units, Starter Sets and Add-On Units","0.8","United States","Los Angeles","1/5/2015","1/5/2015","-274.95","false","31","8354.73","27013"
"21166","Medium","0","4.91","5.68","1315","Adam Saunders Gray","Acco Pressboard Covers with Storage Hooks, 14 7/8"" x 11"", Light Blue","0.36","United States","Colorado Springs","3/30/2015","3/31/2015","-95.0475","false","9","48.3","87602"
"21167","Medium","0.04","5.34","2.99","1316","Marion Lindsey","Wilson Jones 14 Line Acrylic Coated Pressboard Data Binders","0.38","United States","Commerce City","3/30/2015","4/1/2015","3.451","true","11","58.81","87602"
"21168","Medium","0.06","55.99","5","1316","Marion Lindsey","Accessory6","0.8","United States","Commerce City","3/30/2015","4/1/2015","-275.253","false","1","47.38","87602"
"21791","Low","0.05","80.98","35","1316","Marion Lindsey","Carina Double Wide Media Storage Towers in Natural & Black","0.81","United States","Commerce City","1/5/2015","1/9/2015","-746.44","false","8","637.76","87603"
"21792","Low","0.05","279.48","35","1316","Marion Lindsey","Tennsco Snap-Together Open Shelving Units, Starter Sets and Add-On Units","0.8","United States","Commerce City","1/5/2015","1/5/2015","-274.95","false","8","2156.06","87603"
"21006","Low","0.02","55.99","3.3","1338","Denise McIntosh","Accessory24","0.59","United States","Chicago","2/10/2015","2/10/2015","525.2004","true","16","761.16","91244"
"3004","Low","0","22.38","15.1","1340","Marie Bass","Avery Flip-Chart Easel Binder, Black","0.38","United States","New York City","2/10/2015","2/17/2015","-52.647","false","29","682.68","21636"
"3005","Low","0.07","5.98","4.69","1340","Marie Bass","Perma STOR-ALL™ Hanging File Box, 13 1/8""W x 12 1/4""D x 10 1/2""H","0.68","United States","New York City","2/10/2015","2/15/2015","-24.44","false","11","73.44","21636"
"3006","Low","0.02","55.99","3.3","1340","Marie Bass","Accessory24","0.59","United States","New York City","2/10/2015","2/10/2015","366.507","true","63","2997.07","21636"
"3431","Not Specified","0.07","3.98","0.83","1340","Marie Bass","Fluorescent Highlighters by Dixon","0.51","United States","New York City","6/6/2015","6/9/2015","27.38","true","76","282.85","24455"
"21005","Low","0.07","5.98","4.69","1341","Edward Bynum","Perma STOR-ALL™ Hanging File Box, 13 1/8""W x 12 1/4""D x 10 1/2""H","0.68","United States","Chambersburg","2/10/2015","2/15/2015","-12.7088","false","3","20.03","91244"
"21430","Not Specified","0","20.89","1.99","1341","Edward Bynum","IBM 80 Minute CD-R Spindle, 50/Pack","0.48","United States","Chambersburg","6/6/2015","6/8/2015","-5.295","false","4","84.56","91245"
"21431","Not Specified","0.07","3.98","0.83","1341","Edward Bynum","Fluorescent Highlighters by Dixon","0.51","United States","Chambersburg","6/6/2015","6/9/2015","41.07","true","19","70.71","91245"
"20804","Low","0.1","2.62","0.8","1347","Vivian Goldstein","Staples Metal Binder Clips","0.39","United States","Brandon","4/30/2015","5/6/2015","-94.4909","false","21","51.86","89686"
"22414","High","0","12.2","6.02","1350","Jackie Burke","Advantus Panel Wall Certificate Holder - 8.5x11","0.43","United States","Carol City","4/17/2015","4/18/2015","-172.298","false","4","56.24","88233"
"18499","Not Specified","0.1","110.99","8.99","1351","Janet McCullough","LX 677","0.57","United States","Coconut Creek","1/27/2015","1/29/2015","3285.48","true","7","627.78","88232"
"24232","High","0.05","17.67","8.99","1352","Vivian Clarke","Executive Impressions 12"" Wall Clock","0.47","United States","Camp Springs","4/30/2015","5/1/2015","46.0368","true","16","283.44","88234"
"20870","High","0.1","4.13","0.99","1354","Aaron Dillon","Avery 491","0.39","United States","Weatherford","2/11/2015","2/11/2015","-1.0712","false","2","8.3","91209"
"20871","High","0.04","4.98","0.49","1354","Aaron Dillon","Avery White Multi-Purpose Labels","0.39","United States","Weatherford","2/11/2015","2/13/2015","4.4104","true","2","10.04","91209"
"18733","Medium","0.03","125.99","7.69","1357","Marguerite Yu","Timeport L7089","0.58","United States","Weslaco","6/3/2015","6/5/2015","500.958","true","9","981.65","88184"
"18645","High","0.07","119.99","16.8","1357","Marguerite Yu","Epson C62 Color Inkjet Printer","0.35","United States","Weslaco","6/28/2015","6/30/2015","1206.5961","true","15","1748.69","88185"
"20830","High","0.03","14.34","5","1360","Arlene Gibbons","Nu-Dell Leatherette Frames","0.49","United States","Muscatine","1/26/2015","1/27/2015","82.3101","true","8","119.29","89595"
"20829","High","0.01","2.89","0.5","1361","Kristina Collier","Avery 498","0.38","United States","Allen Park","1/26/2015","1/28/2015","1.2236","true","1","3.08","89595"
"24432","Critical","0.01","6.48","6.22","1361","Kristina Collier","Xerox 1894","0.37","United States","Allen Park","2/10/2015","2/11/2015","-15.6312","false","9","69.46","89596"
"24433","Critical","0.03","85.99","3.3","1361","Kristina Collier","Accessory20","0.37","United States","Allen Park","2/10/2015","2/12/2015","790.5468","true","16","1145.72","89596"
"23011","Medium","0.05","12.97","1.49","1363","Earl Roy","Mead 1st Gear 2"" Zipper Binder, Asst. Colors","0.35","United States","Casselberry","2/4/2015","2/6/2015","5.466","true","2","26.37","89993"
"23012","Medium","0.06","5.81","3.37","1363","Earl Roy","Advantus Push Pins, Aluminum Head","0.54","United States","Casselberry","2/4/2015","2/6/2015","-149.1182","false","9","53.44","89993"
"19333","Not Specified","0.1","5.98","5.35","1364","Chris Ford","Xerox 1947","0.4","United States","Camp Springs","3/17/2015","3/17/2015","-90.26","false","10","57.34","89994"
"20539","Medium","0.03","73.98","14.52","1367","James Hunter","Keytronic French Keyboard","0.65","United States","Lubbock","1/7/2015","1/10/2015","-326.2316","false","1","79.02","90513"
"26034","Medium","0.09","4.55","1.49","1368","Patsy Harmon","Presstex Flexible Ring Binders","0.35","United States","Lufkin","3/23/2015","3/25/2015","16.898","true","6","25.45","90514"
"26035","Medium","0.07","9.78","5.76","1369","Joe D Dean","Staples #10 Laser & Inkjet Envelopes, 4 1/8"" x 9 1/2"", 100/Box","0.35","United States","Mansfield","3/23/2015","3/25/2015","20.14","true","11","110.72","90514"
"24534","Critical","0.06","44.01","3.5","1374","Earl Buck","Acco Smartsocket® Color-Coded Six-Outlet AC Adapter Model Surge Protectors","0.59","United States","Stockton","6/7/2015","6/8/2015","-21.232","false","1","46.94","88212"
"19932","Low","0.05","2.89","0.5","1380","Jeanne Walker","Avery 498","0.38","United States","Portsmouth","6/27/2015","7/3/2015","18.0642","true","9","26.18","88213"
"19018","Medium","0.03","2.23","4.57","1383","Christina Hanna","Eldon Pizzaz™ Desk Accessories","0.41","United States","West Valley City","5/1/2015","5/2/2015","-93.25","false","12","28.66","89406"
"25790","Not Specified","0.07","11.29","5.03","1384","George McLamb","X-Rack™ File for Hanging Folders","0.59","United States","Alexandria","6/30/2015","7/2/2015","-163.03","false","11","123.18","89407"
"22984","Low","0.02","70.97","3.5","1384","George McLamb","Tripp Lite Isotel 8 Ultra 8 Outlet Metal Surge","0.59","United States","Alexandria","6/7/2015","6/14/2015","23.6159999999999","true","21","1533.59","89408"
"18970","Critical","0.06","1.74","4.08","1389","Jean Khan","Eldon Regeneration Recycled Desk Accessories, Smoke","0.53","United States","Menlo Park","1/25/2015","1/26/2015","-11.0732","false","1","2.77","88726"
"19852","High","0.08","2.62","0.8","1389","Jean Khan","Staples Metal Binder Clips","0.39","United States","Menlo Park","5/13/2015","5/15/2015","21.7695","true","12","31.55","88728"
"19111","High","0.09","2.61","0.5","1389","Jean Khan","Avery 494","0.39","United States","Menlo Park","6/3/2015","6/5/2015","29.3802","true","17","42.58","88729"
"18702","Critical","0.1","8.17","1.69","1390","Hazel Jones","Wirebound Message Forms, Four 2 3/4 x 5 Forms per Page, Pink Paper","0.38","United States","Stockton","5/16/2015","5/16/2015","100.2984","true","19","145.36","88731"
"18703","Critical","0.03","110.99","2.5","1390","Hazel Jones","T18","0.57","United States","Stockton","5/16/2015","5/18/2015","2495.3988","true","38","3616.52","88731"
"20523","Not Specified","0","2.88","0.7","1391","Carolyn Greer","Newell 340","0.56","United States","Sunnyvale","4/24/2015","4/24/2015","-0.109999999999999","false","1","7.96","88727"
"20163","Low","0.07","12.28","6.13","1391","Carolyn Greer","Recycled Eldon Regeneration Jumbo File","0.57","United States","Sunnyvale","5/3/2015","5/10/2015","15.236","true","33","389.59","88730"
"5297","Not Specified","0","8.6","6.19","1402","Wesley Tate","Avery Printable Repositionable Plastic Tabs","0.38","United States","Chicago","1/15/2015","1/15/2015","-42.8536","false","48","447.89","37729"
"6080","Medium","0.04","30.73","4","1402","Wesley Tate","Fellowes 17-key keypad for PS/2 interface","0.75","United States","Chicago","1/21/2015","1/22/2015","-20.79","false","48","1420.84","43079"
"23297","Not Specified","0","8.6","6.19","1405","Crystal Floyd","Avery Printable Repositionable Plastic Tabs","0.38","United States","Battle Creek","1/15/2015","1/15/2015","-33.21154","false","12","111.97","86144"
"24080","Medium","0.04","30.73","4","1405","Crystal Floyd","Fellowes 17-key keypad for PS/2 interface","0.75","United States","Battle Creek","1/21/2015","1/22/2015","-20.79","false","12","355.21","86145"
"19417","Medium","0","65.99","5.26","1410","Charles Ward","g520","0.59","United States","Moreno Valley","4/7/2015","4/8/2015","369.9987","true","9","536.23","87086"
"24407","Not Specified","0.08","3.38","0.85","1412","Marc Ray","Avery Hi-Liter® Fluorescent Desk Style Markers","0.48","United States","Mountain View","2/2/2015","2/4/2015","20.4536","true","12","38.81","87087"
"1417","Medium","0","65.99","5.26","1413","Pamela Wiley","g520","0.59","United States","Boston","4/7/2015","4/8/2015","542.25","true","36","2144.92","10277"
"6406","Not Specified","0.02","16.48","1.99","1413","Pamela Wiley","Maxell DVD-RAM Discs","0.42","United States","Boston","2/2/2015","2/4/2015","69.61","true","27","484.56","45539"
"25129","Critical","0.02","417.4","75.23","1416","Betsy Gibson","Bretford “Just In Time” Height-Adjustable Multi-Task Work Tables","0.79","United States","Indianapolis","5/6/2015","5/7/2015","-634.8654","false","1","471.21","90538"
"24722","High","0.04","46.89","5.1","1416","Betsy Gibson","Bionaire Personal Warm Mist Humidifier/Vaporizer","0.46","United States","Indianapolis","6/25/2015","6/27/2015","87.12","true","4","182.61","90540"
"22823","Low","0.07","4.84","0.71","1418","Rebecca Lindsey","*Staples* Highlighting Markers","0.52","United States","Kokomo","1/1/2015","1/3/2015","25.2402","true","8","36.58","90539"
"24295","Not Specified","0.01","124.49","51.94","1419","Brooke Lancaster","Bevis 36 x 72 Conference Tables","0.63","United States","Lafayette","6/25/2015","6/26/2015","-94.674645","false","18","2376.12","90540"
"19024","Low","0.05","350.99","39","1424","Robyn Zhou","Global Leather Executive Chair","0.55","United States","Englewood","1/12/2015","1/14/2015","451.2804","true","3","1020.08","89448"
"19025","Low","0","8.74","1.39","1424","Robyn Zhou","#10- 4 1/8"" x 9 1/2"" Recycled Envelopes","0.38","United States","Englewood","1/12/2015","1/16/2015","44.988","true","7","65.2","89448"
"19026","Low","0.02","1.98","0.7","1424","Robyn Zhou","Brites Rubber Bands, 1 1/2 oz. Box","0.83","United States","Englewood","1/12/2015","1/16/2015","-20.7328","false","11","22.59","89448"
"23620","Not Specified","0.05","8.04","8.94","1424","Robyn Zhou","Fellowes Twister Kit, Gray/Clear, 3/pkg","0.4","United States","Englewood","6/20/2015","6/22/2015","-164.3948","false","15","121.36","89449"
"22824","Low","0.04","2036.48","14.7","1425","Gregory Crane","Lexmark 4227 Plus Dot Matrix Printer","0.55","United States","Fort Collins","1/1/2015","1/6/2015","-4793.004","false","1","2013.67","89450"
"22407","Low","0.09","125.99","2.5","1427","Stacy Gould","i2000","0.6","United States","Bay City","2/5/2015","2/9/2015","1258.7877","true","18","1824.33","90905"
"19810","Not Specified","0.05","9.78","1.39","1432","Kerry Green","Staples #10 Laser & Inkjet Envelopes, 4 1/8"" x 9 1/2"", 100/Box","0.39","United States","Indianapolis","3/5/2015","3/6/2015","74.2785","true","11","107.65","86826"
"18762","Low","0.07","10.98","4.8","1432","Kerry Green","Manila Recycled Extra-Heavyweight Clasp Envelopes, 6"" x 9""","0.36","United States","Indianapolis","6/20/2015","6/27/2015","52.92","true","16","165.21","86827"
"19811","Not Specified","0.02","3.28","3.97","1433","Frances Jackson","Newell 337","0.56","United States","Jeffersonville","3/5/2015","3/6/2015","-66.35","false","7","25.15","86826"
"20124","High","0.07","300.98","64.73","1433","Frances Jackson","Global Leather and Oak Executive Chair, Black","0.56","United States","Jeffersonville","5/19/2015","5/21/2015","1399.64","true","14","4285.56","86828"
"20125","High","0.01","20.98","45","1433","Frances Jackson","Tennsco Lockers, Sand","0.61","United States","Jeffersonville","5/19/2015","5/19/2015","232.642","true","28","631.37","86828"
"21955","Critical","0.01","80.98","35","1438","Jean Weiss Diaz","Carina 42""Hx23 3/4""W Media Storage Unit","0.83","United States","Elyria","1/22/2015","1/24/2015","-409.3736","false","3","267.83","90120"
"23415","Critical","0.05","6.48","6.22","1439","Kyle Kaufman","Xerox 1894","0.37","United States","Euclid","4/28/2015","4/29/2015","-29.07","false","3","21.46","90121"
"22672","Not Specified","0.04","177.98","0.99","1442","Rodney Field","Kensington 7 Outlet MasterPiece Power Center","0.56","United States","Springfield","6/25/2015","6/27/2015","1909.8855","true","15","2767.95","89076"
"21945","Low","0.02","15.99","13.18","1442","Rodney Field","GBC Pre-Punched Binding Paper, Plastic, White, 8-1/2"" x 11""","0.37","United States","Springfield","1/30/2015","2/3/2015","-76.9925","false","7","123.03","89077"
"21946","Low","0.09","46.94","6.77","1442","Rodney Field","Howard Miller 13"" Diameter Goldtone Round Wall Clock","0.44","United States","Springfield","1/30/2015","1/30/2015","297.9696","true","10","431.84","89077"
"23793","Medium","0.1","218.08","18.06","1450","Veronica Peck","Lifetime Advantage™ Folding Chairs, 4/Carton","0.57","United States","South Lake Tahoe","5/24/2015","5/25/2015","1318.83","true","12","2366.51","86735"
"25006","High","0.05","85.99","0.99","1459","Steve Raynor","Accessory34","0.55","United States","Taylors","4/5/2015","4/7/2015","36.216","true","4","291.64","86734"
"18105","High","0.05","12.95","4.98","1461","Norman Adams","GBC Binding covers","0.4","United States","Lafayette","6/2/2015","6/4/2015","134.16825","true","19","252.36","86397"
"23735","High","0","65.99","8.99","1466","Wesley Reid","5180","0.56","United States","Columbus","6/11/2015","6/13/2015","253.3032","true","10","575.07","91115"
"25917","Low","0.04","130.98","54.74","1466","Wesley Reid","O'Sullivan Elevations Bookcase, Cherry Finish","0.69","United States","Columbus","6/12/2015","6/12/2015","-723.784","false","14","1781.66","91116"
"25915","Low","0.04","105.29","10.12","1469","Vicki Zhu Daniels","Eldon Antistatic Chair Mats for Low to Medium Pile Carpets","0.79","United States","Clearfield","6/12/2015","6/16/2015","589.188","true","9","940.64","91116"
"25916","Low","0.07","31.76","45.51","1469","Vicki Zhu Daniels","Hon iLevel™ Computer Training Table","0.65","United States","Clearfield","6/12/2015","6/14/2015","-1314.992","false","18","439.27","91116"
"21710","High","0.03","420.98","19.99","1471","Danielle Daniel","GBC DocuBind 200 Manual Binding Machine","0.35","United States","Westerville","3/21/2015","3/22/2015","3043.0311","true","10","4410.19","87077"
"23958","Not Specified","0.02","30.98","6.5","1472","Tommy Ellis Ritchie","Logitech Internet Navigator Keyboard","0.79","United States","Westlake","6/30/2015","7/1/2015","-44.624","false","17","552.89","87078"
"22313","Medium","0.05","20.27","3.99","1472","Tommy Ellis Ritchie","Fellowes Mighty 8 Compact Surge Protector","0.57","United States","Westlake","5/25/2015","5/26/2015","309.254","true","30","621.56","87079"
"24937","Critical","0.04","9.78","1.99","1473","Paul Puckett","Memorex Slim 80 Minute CD-R, 10/Pack","0.43","United States","Wooster","1/21/2015","1/22/2015","61.2927","true","9","88.83","87076"
"7544","Not Specified","0.07","8.95","2.01","1481","Marvin MacDonald","Recycled Desk Saver Line ""While You Were Out"" Book, 5 1/2"" X 4""","0.39","United States","Los Angeles","3/27/2015","3/28/2015","91.73","true","36","307.65","53953"
"25544","Not Specified","0.07","8.95","2.01","1482","Michael Tanner","Recycled Desk Saver Line ""While You Were Out"" Book, 5 1/2"" X 4""","0.39","United States","Bay City","3/27/2015","3/28/2015","53.0679","true","9","76.91","91362"
"22745","Not Specified","0.05","9.65","6.22","1482","Michael Tanner","Eldon Expressions™ Desk Accessory, Wood Pencil Holder, Oak","0.55","United States","Bay City","2/28/2015","2/28/2015","-14.6432","false","15","151.34","91363"
"21806","High","0.06","99.99","19.99","1484","Alison Stewart","US Robotics 56K V.92 External Faxmodem","0.52","United States","Des Plaines","3/11/2015","3/14/2015","-127.56","false","3","290.24","91235"
"21807","High","0","193.17","19.99","1484","Alison Stewart","Fellowes Staxonsteel® Drawer Files","0.71","United States","Des Plaines","3/11/2015","3/12/2015","282.18","true","5","971.4","91235"
"21808","High","0.08","20.99","3.3","1484","Alison Stewart","Accessory39","0.81","United States","Des Plaines","3/11/2015","3/11/2015","-96.338","false","11","193.51","91235"
"22763","Not Specified","0.04","11.5","7.19","1485","Wayne Sutherland","Ibico Covers for Plastic or Wire Binding Elements","0.4","United States","Downers Grove","2/20/2015","2/23/2015","-23.35788","false","14","157.81","91236"
"22764","Not Specified","0.02","15.7","11.25","1485","Wayne Sutherland","Hanging Personal Folder File","0.6","United States","Downers Grove","2/20/2015","2/21/2015","-18.2416","false","1","19.44","91236"
"22765","Not Specified","0.05","225.02","28.66","1485","Wayne Sutherland","Tennsco Double-Tier Lockers","0.72","United States","Downers Grove","2/20/2015","2/22/2015","1428.9104","true","21","4636.63","91236"
"18460","High","0.04","119.99","14","1492","Don Beard","Epson C82 Color Inkjet Printer","0.36","United States","Ozark","6/16/2015","6/18/2015","509.9583","true","6","739.07","88004"
"19472","Critical","0.06","8.37","10.16","1494","Kate Lehman","Westinghouse Clip-On Gooseneck Lamps","0.59","United States","Dundalk","3/11/2015","3/13/2015","-255.65","false","18","157.64","85880"
"19473","Critical","0.09","6.48","9.17","1494","Kate Lehman","Xerox 1996","0.37","United States","Dundalk","3/11/2015","3/13/2015","-76.54","false","6","42.16","85880"
"24286","Critical","0.09","6.28","5.29","1497","Gloria Jacobs","Eldon® 200 Class™ Desk Accessories, Burgundy","0.43","United States","Elmira","3/11/2015","3/12/2015","-10.09","false","2","14.08","85880"
"24287","Critical","0.03","15.14","4.53","1497","Gloria Jacobs","Eldon® Gobal File Keepers","0.81","United States","Elmira","3/11/2015","3/13/2015","-92.87","false","17","256.73","85880"
"20016","Medium","0.05","2.16","6.05","1499","Charlotte L Doyle","Peel & Stick Add-On Corner Pockets","0.37","United States","Coral Gables","2/4/2015","2/5/2015","-298.886","false","8","18.59","90731"
"20017","Medium","0.03","6.48","6.6","1499","Charlotte L Doyle","Xerox 21","0.37","United States","Coral Gables","2/4/2015","2/5/2015","-145.852","false","9","58.83","90731"
"20018","Medium","0.08","146.05","80.2","1499","Charlotte L Doyle","BPI Conference Tables","0.71","United States","Coral Gables","2/4/2015","2/5/2015","-27.951","false","11","1557.66","90731"
"21682","Critical","0.08","3.69","0.5","1502","Renee Huang","Avery 487","0.38","United States","Coral Springs","5/7/2015","5/10/2015","-3.6547","false","38","129.43","89193"
"18868","Low","0.08","5.84","1","1502","Renee Huang","Quartet Omega® Colored Chalk, 12/Pack","0.38","United States","Coral Springs","6/29/2015","7/3/2015","731.922","true","11","61.39","89194"
"18869","Low","0","205.99","8.99","1502","Renee Huang","StarTAC 8000","0.6","United States","Coral Springs","6/29/2015","7/2/2015","186.558","true","13","2435.52","89194"
"18061","Low","0","85.99","0.99","1505","Kay Schultz","Accessory4","0.85","United States","College Station","6/13/2015","6/18/2015","-138.0368","false","6","464.86","86181"
"23329","Critical","0.09","20.98","1.49","1511","Joseph Dawson","Avery Legal 4-Ring Binder","0.35","United States","Muncie","6/22/2015","6/24/2015","199.1823","true","14","288.67","90303"
"23470","Critical","0.06","55.48","4.85","1519","Randall Boykin","Xerox 1888","0.37","United States","Auburn","6/14/2015","6/14/2015","711.0519","true","19","1030.51","89957"
"23471","Critical","0.1","122.99","70.2","1522","Earl Watts","Global High-Back Leather Tilter, Burgundy","0.74","United States","Hopkins","6/14/2015","6/15/2015","-899.675","false","17","2026.91","89957"
"19269","High","0.04","11.34","5.01","1526","Larry Hall","Xerox 188","0.36","United States","Birmingham","2/10/2015","2/11/2015","-189.224","false","10","115.53","86812"
"24974","Critical","0.03","30.98","8.99","1527","Neil Parker","Boston School Pro Electric Pencil Sharpener, 1670","0.58","United States","Decatur","1/9/2015","1/11/2015","0.509999999999999","true","5","162.39","86813"
"22253","Low","0.03","65.99","5.26","1527","Neil Parker","8860","0.56","United States","Decatur","3/30/2015","4/9/2015","-52.248","false","23","1316.03","86814"
"21455","Low","0.09","50.98","6.5","1527","Neil Parker","Microsoft Natural Multimedia Keyboard","0.73","United States","Decatur","5/21/2015","5/28/2015","70.176","true","28","1395.41","86815"
"24975","Critical","0.01","525.98","19.99","1528","Brad Stark","GBC DocuBind 300 Electric Binding Machine","0.37","United States","Eden","1/9/2015","1/11/2015","-161.924","false","9","4920.81","86813"
"21199","Critical","0.07","4.91","0.5","1531","Jon Ayers","Avery 508","0.36","United States","Palm Coast","1/17/2015","1/18/2015","-157.696","false","6","28.22","88852"
"21596","High","0.02","4.89","4.93","1533","Nicole Reid","Maxell 3.5"" DS/HD IBM-Formatted Diskettes, 10/Pack","0.66","United States","University City","2/6/2015","2/7/2015","-56.446","false","14","74.01","91328"
"21597","High","0.07","10.06","2.06","1533","Nicole Reid","Riverleaf Stik-Withit® Designer Note Cubes®","0.39","United States","University City","2/6/2015","2/7/2015","33.189","true","5","48.1","91328"
"23147","Low","0","599.99","24.49","1548","John Bray","Canon Image Class D660 Copier","0.44","United States","Richmond","6/23/2015","6/25/2015","-367.165","false","18","11015.82","88487"
"19627","Low","0.07","17.7","9.47","1551","Laurence Flowers","Portfile® Personal File Boxes","0.59","United States","Biloxi","6/25/2015","7/1/2015","-243.544","false","18","300.67","87488"
"20993","Critical","0.01","348.21","40.19","1552","Gary Koch","Bretford CR4500 Series Slim Rectangular Table","0.62","United States","Clinton","1/1/2015","1/4/2015","-337.092","false","2","723.54","87486"
"24862","Not Specified","0.03","12.28","6.35","1553","Tara Powers Underwood","Staples Premium Bright 1-Part Blank Computer Paper","0.38","United States","Greenville","3/22/2015","3/24/2015","68.676","true","7","87.53","87484"
"26135","High","0.04","10.98","3.99","1554","Joan Floyd","Staples Surge Protector 6 outlet","0.58","United States","Gulfport","5/18/2015","5/18/2015","481.032","true","15","172.22","87485"
"25409","High","0.03","124.49","51.94","1554","Joan Floyd","Bevis 36 x 72 Conference Tables","0.63","United States","Gulfport","2/13/2015","2/14/2015","-4.018","false","7","894.88","87487"
"18294","Not Specified","0.06","2.89","0.99","1556","Carol Wood","Avery 482","0.38","United States","Alexandria","6/1/2015","6/3/2015","-2.0097","false","6","16.67","87425"
"18295","Not Specified","0.08","22.84","11.54","1556","Carol Wood","Xerox 1964","0.39","United States","Alexandria","6/1/2015","6/3/2015","-477.372","false","9","195.16","87425"
"18511","Low","0.09","60.98","49","1557","James Nicholson","Euro Pro Shark Stick Mini Vacuum","0.59","United States","Annandale","3/25/2015","4/2/2015","-954.758","false","15","879.62","87426"
"18512","Low","0.05","29.89","1.99","1557","James Nicholson","Verbatim DVD-RAM, 5.2GB, Rewritable, Type 1, DS","0.5","United States","Annandale","3/25/2015","3/27/2015","219.4734","true","12","361.19","87426"
"26229","Critical","0.1","226.67","28.16","1559","Zachary Maynard","Hon GuestStacker Chair","0.59","United States","Blacksburg","4/15/2015","4/17/2015","-390.768","false","5","1088.26","87424"
"19130","High","0.02","11.34","11.25","1561","Edwin Coley","Staples 1 Part Blank Computer Paper","0.36","United States","Mansfield","3/1/2015","3/2/2015","-155.21","false","9","105.75","88093"
"19208","Critical","0.05","12.2","6.02","1561","Edwin Coley","Advantus Panel Wall Certificate Holder - 8.5x11","0.43","United States","Mansfield","4/13/2015","4/14/2015","-6.642","false","5","63.93","88094"
"20464","Medium","0.07","20.95","5.99","1574","Sherry Hurley","Fellowes Basic 104-Key Keyboard, Platinum","0.65","United States","Fayetteville","2/9/2015","2/10/2015","27.234","true","19","391.4","86966"
"22127","Low","0.1","11.58","6.97","1580","Ronnie Nolan","Peel & Seel® Recycled Catalog Envelopes, Brown","0.35","United States","Waterville","2/16/2015","2/20/2015","-8.398","false","1","14.53","90934"
"25013","Medium","0.03","19.04","6.38","1590","Lucille Buchanan","Eldon Expressions™ Desk Accessory, Wood Photo Frame, Mahogany","0.56","United States","Willoughby","4/4/2015","4/4/2015","83.7936","true","7","144.03","86668"
"25011","Medium","0.02","5.53","6.98","1593","Ronald O'Neill","Avery Durable Poly Binders","0.39","United States","Bartlesville","4/4/2015","4/6/2015","-77.82372","false","8","48.81","86668"
"21059","High","0.01","500.98","26","1595","Chad Henson","Global Troy™ Executive Leather Low-Back Tilter","0.6","United States","Huntington","5/11/2015","5/12/2015","5078.538","true","14","7360.2","90796"
"21060","High","0.08","9.77","6.02","1595","Chad Henson","DAX Solid Wood Frames","0.48","United States","Huntington","5/11/2015","5/12/2015","23.276","true","9","89.06","90796"
"21061","High","0.09","3.28","0.98","1595","Chad Henson","Newell 329","0.59","United States","Huntington","5/11/2015","5/13/2015","17.754","true","42","134.97","90796"
"21928","Critical","0.1","9.11","2.15","1602","Frank Hess","Black Print Carbonless Snap-Off® Rapid Letter, 8 1/2"" x 7""","0.4","United States","Waldorf","4/10/2015","4/12/2015","-3.9312","false","2","17.42","89680"
"23533","Critical","0.09","2.18","0.78","1603","Alex Watkins","Stockwell Push Pins","0.52","United States","Woodmere","1/16/2015","1/18/2015","2.4548","true","9","19.12","89679"
"23534","Critical","0.05","179.29","29.21","1603","Alex Watkins","Bevis Round Conference Table Top, X-Base","0.76","United States","Woodmere","1/16/2015","1/18/2015","-537.27977732","false","1","186.64","89679"
"18450","Medium","0.05","1.98","4.77","1606","Don Rogers","Avery Reinforcements for Hole-Punch Pages","0.4","United States","Franklin Square","1/7/2015","1/8/2015","-14.35982","false","1","3.53","87993"
"18451","Medium","0.07","699.99","24.49","1606","Don Rogers","Canon PC1060 Personal Laser Copier","0.41","United States","Franklin Square","1/7/2015","1/8/2015","-2870.2776","false","1","706.56","87993"
"18452","Medium","0.07","6783.02","24.49","1606","Don Rogers","Polycom ViewStation™ ISDN Videoconferencing Unit","0.39","United States","Franklin Square","1/7/2015","1/8/2015","77.9835999999977","true","2","13121.07","87993"
"22921","Not Specified","0.01","15.16","15.09","1607","Kathleen Huang Hall","GBC Clear Cover, 8-1/2 x 11, unpunched, 25 covers per pack","0.39","United States","Freeport","4/15/2015","4/15/2015","-200.859","false","7","110.93","87994"
"24951","Low","0.1","5.68","3.6","1607","Kathleen Huang Hall","Acme® Preferred Stainless Steel Scissors","0.56","United States","Freeport","2/6/2015","2/10/2015","-33.2956","false","21","118.35","87995"
"22682","High","0.03","2.16","6.05","1609","Jerry Ennis","Peel & Stick Add-On Corner Pockets","0.37","United States","Sacramento","5/11/2015","5/12/2015","-90.5855","false","7","17.31","87824"
"22683","High","0.03","9.71","9.45","1609","Jerry Ennis","Filing/Storage Totes and Swivel Casters","0.6","United States","Sacramento","5/11/2015","5/11/2015","-36.9","false","2","23.56","87824"
"18394","Low","0.06","40.97","1.99","1614","Wayne Lutz","TDK 4.7GB DVD-R Spindle, 15/Pack","0.42","United States","Hopkinton","4/8/2015","4/12/2015","341.1981","true","12","494.49","87823"
"19501","High","0.09","12.88","4.59","1618","June Roberts","Martin-Yale Premier Letter Opener","0.82","United States","Highland","4/6/2015","4/6/2015","-175.13","false","13","158.13","90248"
"19502","High","0.02","45.99","4.99","1620","Gerald Petty","600 Series Non-Flip","0.57","United States","Lancaster","4/6/2015","4/7/2015","3.96","true","4","163.01","90248"
"23750","High","0.06","15.01","8.4","1623","Patrick Adcock","GBC Prepunched Paper, 19-Hole, for Binding Systems, 24-lb","0.39","United States","Schererville","5/24/2015","5/26/2015","1.6169","true","22","333.04","87611"
"23751","High","0.09","40.48","19.99","1623","Patrick Adcock","Keytronic Designer 104- Key Black Keyboard","0.77","United States","Schererville","5/24/2015","5/26/2015","65.3940000000001","true","12","472.44","87611"
"23752","High","0.05","12.28","6.13","1623","Patrick Adcock","Recycled Eldon Regeneration Jumbo File","0.57","United States","Schererville","5/24/2015","5/25/2015","1.336","true","1","18.73","87611"
"21145","Medium","0.08","213.45","14.7","1625","Molly Browning","Panasonic KX-P2130 Dot Matrix Printer","0.59","United States","Glen Cove","3/27/2015","3/29/2015","1674.7542","true","12","2427.18","90600"
"21146","Medium","0.1","55.98","13.88","1625","Molly Browning","Xerox 1882","0.36","United States","Glen Cove","3/27/2015","3/29/2015","300.0465","true","8","434.85","90600"
"21147","Medium","0","16.06","8.34","1625","Molly Browning","Letter/Legal File Tote with Clear Snap-On Lid, Black Granite","0.59","United States","Glen Cove","3/27/2015","3/28/2015","-28.09","false","1","19.16","90600"
"21270","Medium","0","209.37","69","1625","Molly Browning","Hon 2111 Invitation™ Series Corner Table","0.79","United States","Glen Cove","2/16/2015","2/18/2015","-263.11192908","false","11","1959.88","90601"
"23604","High","0.06","43.57","16.36","1627","Aaron Day","Trav-L-File Heavy-Duty Shuttle II, Black","0.55","United States","Greeneville","5/28/2015","5/30/2015","-38.808","false","17","710.16","90602"
"19769","High","0.08","8.09","7.96","1632","Lori Wolfe","6"" Cubicle Wall Clock, Black","0.49","United States","Hattiesburg","1/15/2015","1/16/2015","15.984","true","6","48.25","90530"
"20359","High","0.02","25.99","5.37","1632","Lori Wolfe","BOSTON® Ranger® #55 Pencil Sharpener, Black","0.56","United States","Hattiesburg","4/15/2015","4/17/2015","-88.158","false","9","243.24","90533"
"24786","Not Specified","0.03","5.98","3.85","1633","Gerald Raynor","Imation 3.5"" IBM-Formatted Diskettes, 10/Pack","0.68","United States","Horn Lake","2/10/2015","2/12/2015","-76.1068","false","6","38.54","90531"
"26340","Not Specified","0.08","100.97","14","1634","Katherine W Epstein","Hewlett-Packard Deskjet 3820 Color Inkjet Printer","0.37","United States","Jackson","4/9/2015","4/10/2015","-73.4941199999999","false","15","1483.16","90532"
"19144","Critical","0.08","115.99","56.14","1636","Sidney Greenberg","Hewlett-Packard Deskjet 5550 Color Inkjet Printer","0.4","United States","Salinas","1/14/2015","1/16/2015","-272.860884","false","5","562.93","89704"
"19145","Critical","0.08","4.28","0.94","1636","Sidney Greenberg","Newell 336","0.56","United States","Salinas","1/14/2015","1/17/2015","10.5792","true","7","29.18","89704"
"20869","High","0.04","136.98","24.49","1636","Sidney Greenberg","3M Polarizing Task Lamp with Clamp Arm, Light Gray","0.59","United States","Salinas","1/12/2015","1/14/2015","1127.5497","true","12","1634.13","89706"
"26109","Critical","0.08","55.48","6.79","1639","Marvin Rollins","Eaton Premium Continuous-Feed Paper, 25% Cotton, Letter Size, White, 1000 Shts/Box","0.37","United States","Stamford","2/26/2015","2/28/2015","147.7566","true","4","214.14","89705"
"18274","Low","0.09","107.53","5.81","1644","Sam Woodward","Tenex Contemporary Contur Chairmats for Low and Medium Pile Carpet, Computer, 39"" x 49""","0.65","United States","Friendswood","6/14/2015","6/16/2015","69.5451","true","1","100.79","87342"
"24265","Not Specified","0.06","3.29","1.35","1646","Eugene Brewer Knox","Acco® Hot Clips™ Clips to Go","0.4","United States","Bethpage","3/15/2015","3/17/2015","8.53","true","11","35.97","90932"
"21947","Critical","0.08","46.89","5.1","1648","Nina Bowles","Bionaire Personal Warm Mist Humidifier/Vaporizer","0.46","United States","Woodstock","3/25/2015","3/27/2015","507.633","true","17","735.7","91043"
"21948","Critical","0.05","12.98","3.14","1648","Nina Bowles","Acme® 8"" Straight Scissors","0.6","United States","Woodstock","3/25/2015","3/25/2015","38.23","true","18","225.59","91043"
"20603","Critical","0.03","48.58","3.99","1649","Roy Hardison","Belkin Premiere Surge Master II 8-outlet surge protector","0.56","United States","Woodmere","2/24/2015","2/26/2015","100.1328","true","3","145.12","91041"
"24016","High","0.05","6.48","2.74","1650","Dan Lamm","Sony MFD2HD Formatted Diskettes, 10/Pack","0.71","United States","Asheboro","5/9/2015","5/9/2015","15.096","true","15","94.27","91042"
"24017","High","0.09","12.53","0.5","1650","Dan Lamm","Avery 485","0.38","United States","Asheboro","5/9/2015","5/10/2015","14.9124","true","7","82.21","91042"
"24019","High","0.08","65.99","8.99","1650","Dan Lamm","i270","0.55","United States","Asheboro","5/9/2015","5/11/2015","-135.226","false","8","417.47","91042"
"19251","Not Specified","0","101.41","35","1653","Charles Cline","Tennsco Regal Shelving Units","0.82","United States","Thousand Oaks","1/24/2015","1/25/2015","-457.73","false","10","1104.32","89885"
"19252","Not Specified","0.1","95.99","4.9","1653","Charles Cline","T60","0.56","United States","Thousand Oaks","1/24/2015","1/25/2015","-268.664","false","2","149.8","89885"
"24187","High","0.1","3.6","2.2","1665","Elsie Pridgen","Telephone Message Books with Fax/Mobile Section, 4 1/4"" x 6""","0.39","United States","Laguna Hills","2/26/2015","2/27/2015","-8.28","false","2","6.97","90678"
"21491","Low","0.03","35.41","1.99","1670","Carolyn Bowling","Imation DVD-RAM discs","0.43","United States","Blacksburg","4/24/2015","4/26/2015","1912.422","true","10","367.52","86722"
"21492","Low","0","142.86","19.99","1670","Carolyn Bowling","Letter Size Cart","0.56","United States","Blacksburg","4/24/2015","5/3/2015","-739.326","false","11","1576.35","86722"
"23578","Low","0.1","4.13","0.99","1671","Mitchell Ross","Avery 491","0.39","United States","Burke","2/9/2015","2/13/2015","-40.53","false","13","52.16","86724"
"22007","Critical","0.03","223.98","15.01","1671","Mitchell Ross","GBC DocuBind TL200 Manual Binding Machine","0.38","United States","Burke","5/12/2015","5/13/2015","0.696","true","21","4881.84","86725"
"25066","Low","0.02","284.98","69.55","1672","Sidney Scarborough","Global Commerce™ Series High-Back Swivel/Tilt Chairs","0.6","United States","Charlottesville","6/7/2015","6/12/2015","15.528","true","3","926.3","86723"
"25067","Low","0.08","55.48","14.3","1672","Sidney Scarborough","Xerox 194","0.37","United States","Charlottesville","6/7/2015","6/9/2015","-225.5638","false","17","942.53","86723"
"18150","Medium","0.07","13.73","6.85","1679","Jeanne Nguyen","DAX Wood Document Frame.","0.54","United States","Fairborn","3/20/2015","3/21/2015","-22.72","false","21","276.64","86646"
"23524","Low","0.09","30.98","19.51","1680","Esther Whitaker","Staples Colored Interoffice Envelopes","0.36","United States","Fairfield","5/3/2015","5/5/2015","-163.53","false","18","514.62","86645"
"23525","Low","0.03","49.34","10.25","1680","Esther Whitaker","Electrix Fluorescent Magnifier Lamps & Weighted Base","0.57","United States","Fairfield","5/3/2015","5/5/2015","554.77","true","17","817.32","86645"
"1976","Not Specified","0.04","6.28","5.41","1682","Julie Edwards","Eldon® 200 Class™ Desk Accessories","0.53","United States","Chicago","2/14/2015","2/16/2015","-38.38","false","43","284.48","14115"
"5358","Not Specified","0.08","4.98","4.7","1682","Julie Edwards","Staples Copy Paper (20Lb. and 84 Bright)","0.38","United States","Chicago","3/14/2015","3/15/2015","-56.35","false","47","225.98","38080"
"19976","Not Specified","0.04","6.28","5.41","1683","Wesley Corbett","Eldon® 200 Class™ Desk Accessories","0.53","United States","Conroe","2/14/2015","2/16/2015","-19.9576","false","11","72.77","90612"
"23358","Not Specified","0.08","4.98","4.7","1683","Wesley Corbett","Staples Copy Paper (20Lb. and 84 Bright)","0.38","United States","Conroe","3/14/2015","3/15/2015","-56.35","false","12","57.7","90613"
"19751","Low","0.08","2.08","5.33","1686","Lynn O'Donnell","Eldon® Wave Desk Accessories","0.43","United States","Elgin","3/3/2015","3/10/2015","-129.01","false","9","19.67","86973"
"25690","High","0","48.91","35","1689","Larry Church","Tennsco Industrial Shelving","0.83","United States","Highland","3/24/2015","3/25/2015","-628.38","false","10","514.79","91077"
"22798","Low","0.05","115.99","5.26","1690","Neil Bailey","636","0.57","United States","Harrisburg","1/24/2015","1/28/2015","616.5357","true","9","893.53","91076"
"23626","Not Specified","0.09","95.43","19.99","1690","Neil Bailey","Fellowes Stor/Drawer® Steel Plus™ Storage Drawers","0.79","United States","Harrisburg","6/1/2015","6/2/2015","-143.235","false","22","2053.6","91078"
"19481","Not Specified","0","6.84","8.37","1692","Rhonda Schroeder","Acme Design Line 8"" Stainless Steel Bent Scissors w/Champagne Handles, 3-1/8"" Cut","0.58","United States","Newton","1/23/2015","1/24/2015","-123.1816","false","5","37.89","90189"
"19482","Not Specified","0.07","30.98","5.76","1693","Melinda Thornton","IBM Multi-Purpose Copy Paper, 8 1/2 x 11"", Case","0.4","United States","Reston","1/23/2015","1/25/2015","-28.798","false","11","343.79","90189"
"21262","Low","0.01","15.67","1.39","1693","Melinda Thornton","#10 White Business Envelopes,4 1/8 x 9 1/2","0.38","United States","Reston","5/11/2015","5/11/2015","-273.98","false","11","188.09","90190"
"24941","Medium","0","13.43","5.5","1697","Holly Osborne","Fellowes Personal Hanging Folder Files, Navy","0.57","United States","Hot Springs","1/16/2015","1/17/2015","-253.778","false","9","129.54","86338"
"18275","Low","0.05","3.98","5.26","1699","Joseph Hurst","Ibico Presentation Index for Binding Systems","0.38","United States","Levittown","3/25/2015","3/29/2015","-152.5245","false","12","49.44","87345"
"18276","Low","0.01","6.48","5.4","1699","Joseph Hurst","Xerox 207","0.37","United States","Levittown","3/25/2015","3/25/2015","-18.85","false","2","14.29","87345"
"24158","Medium","0.05","14.81","13.32","1702","Sandra Berry","Holmes Replacement Filter for HEPA Air Cleaner, Large Room","0.43","United States","Meridian","1/17/2015","1/20/2015","-220.052","false","3","45.28","90473"
"24159","Medium","0.05","4.2","2.26","1702","Sandra Berry","Important Message Pads, 50 4-1/4 x 5-1/2 Forms per Pad","0.36","United States","Meridian","1/17/2015","1/19/2015","20.39337","true","3","13.57","90473"
"25761","Medium","0.05","5.68","1.39","1708","Lillian Day","Staples Standard Envelopes","0.38","United States","Shaker Heights","1/17/2015","1/18/2015","38.2812","true","10","55.48","88781"
"26037","Not Specified","0.03","205.99","3","1708","Lillian Day","6185","0.58","United States","Shaker Heights","5/20/2015","5/21/2015","3670.3515","true","29","5319.35","88784"
"23822","Not Specified","0.01","14.28","2.99","1709","Dennis Bowen","Avery Premier Heavy-Duty Binder with Round Locking Rings","0.39","United States","Pottstown","1/21/2015","1/22/2015","21.0035","true","2","30.44","88782"
"24577","Medium","0.04","95.43","19.99","1709","Dennis Bowen","Fellowes Stor/Drawer® Steel Plus™ Storage Drawers","0.79","United States","Pottstown","5/10/2015","5/12/2015","13.536","true","33","3251.76","88783"
"19287","Not Specified","0.07","7.59","4","1711","Sharon Long","Master Giant Foot® Doorstop, Safety Yellow","0.42","United States","Marietta","3/16/2015","3/18/2015","-167.048","false","3","22.48","87747"
"21655","Low","0.03","11.66","7.95","1712","Regina Langley","Hunt BOSTON® Vista® Battery-Operated Pencil Sharpener, Black","0.58","United States","Martinez","4/11/2015","4/20/2015","-31.094","false","22","267.32","87749"
"25078","High","0.01","23.99","6.3","1713","Rosemary Stark","TI 36X Solar Scientific Calculator","0.38","United States","Newnan","5/29/2015","5/31/2015","-6.202","false","11","284.39","87748"
"19884","Low","0.01","300.98","64.73","1718","Kathy Shah","Global Leather and Oak Executive Chair, Black","0.56","United States","Garner","3/8/2015","3/15/2015","-48.874","false","3","974.14","90621"
"20619","Medium","0.06","16.48","1.99","1719","Russell W Melton","Maxell DVD-RAM Discs","0.42","United States","Northport","1/17/2015","1/19/2015","-144.592","false","8","128.13","90786"
"22596","High","0.04","12.44","6.27","1721","Jennifer Zimmerman","Eldon Simplefile® Box Office®","0.57","United States","Jonesboro","5/16/2015","5/17/2015","-258.566","false","37","464.94","90787"
"5670","Low","0.1","49.99","19.99","1723","Constance Flowers","US Robotics 56K V.92 Internal PCI Faxmodem","0.45","United States","San Diego","1/31/2015","2/5/2015","13.508","true","46","2188.06","40101"
"6212","Medium","0.05","6.68","5.66","1723","Constance Flowers","Xerox 1923","0.37","United States","San Diego","2/7/2015","2/9/2015","-66.48","false","46","320.93","44002"
"6213","Medium","0.03","17.7","9.47","1723","Constance Flowers","Portfile® Personal File Boxes","0.59","United States","San Diego","2/7/2015","2/7/2015","-52.33","false","14","261.85","44002"
"4596","High","0.04","12.44","6.27","1723","Constance Flowers","Eldon Simplefile® Box Office®","0.57","United States","San Diego","5/16/2015","5/17/2015","-59.06","false","146","1834.61","32710"
"18244","High","0.05","35.99","1.1","1725","Linda Blake","Accessory35","0.55","United States","Hilliard","5/7/2015","5/9/2015","149.166","true","9","261.56","87193"
"24872","Not Specified","0.1","14.98","7.69","1727","Juanita Ballard","Super Decoflex Portable Personal File","0.57","United States","Kent","1/21/2015","1/23/2015","-76.9","false","8","114.81","87194"
"26066","High","0.04","55.48","6.79","1728","Carrie Lewis","Eaton Premium Continuous-Feed Paper, 25% Cotton, Letter Size, White, 1000 Shts/Box","0.37","United States","Kettering","2/22/2015","2/24/2015","376.8849","true","10","546.21","87195"
"24545","High","0.1","65.99","3.99","1730","Kerry Wilkerson","StarTAC 7760","0.59","United States","Moscow","4/7/2015","4/9/2015","-88.6248","false","5","272.86","90653"
"566","Not Specified","0.02","60.98","49","1733","Nina Horne Kelly","Euro Pro Shark Stick Mini Vacuum","0.59","United States","Washington","4/4/2015","4/6/2015","-662.52","false","34","2119.54","3841"
"567","Not Specified","0.02","1270.99","19.99","1733","Nina Horne Kelly","Fellowes PB500 Electric Punch Plastic Comb Binding Machine with Manual Bind","0.35","United States","Washington","4/4/2015","4/6/2015","9228.2256","true","36","45737.33","3841"
"8389","High","0.02","30.98","17.08","1733","Nina Horne Kelly","Xerox 197","0.4","United States","Washington","6/28/2015","6/29/2015","-32.28","false","13","438.25","59937"
"18566","Not Specified","0.02","60.98","49","1734","Christopher Meadows","Euro Pro Shark Stick Mini Vacuum","0.59","United States","Harrison","4/4/2015","4/6/2015","-596.268","false","9","561.06","88443"
"18567","Not Specified","0.02","1270.99","19.99","1734","Christopher Meadows","Fellowes PB500 Electric Punch Plastic Comb Binding Machine with Manual Bind","0.35","United States","Harrison","4/4/2015","4/6/2015","7889.6877","true","9","11434.33","88443"
"18568","Not Specified","0.05","205.99","8.99","1734","Christopher Meadows","StarTAC 8000","0.6","United States","Harrison","4/4/2015","4/6/2015","1545.80976","true","19","3229.24","88443"
"26389","High","0.02","30.98","17.08","1735","Eric West","Xerox 197","0.4","United States","Hempstead","6/28/2015","6/29/2015","-16.14","false","3","101.13","88444"
"18012","Not Specified","0.09","30.93","3.92","1737","Danielle Myers","Advantus Employee of the Month Certificate Frame, 11 x 13-1/2","0.44","United States","Garner","6/3/2015","6/5/2015","-130.424","false","16","451.83","85866"
"18013","Not Specified","0.03","1.68","0.7","1737","Danielle Myers","Newell 308","0.6","United States","Garner","6/3/2015","6/5/2015","-106.421","false","11","20.24","85866"
"18306","Medium","0.08","175.99","4.99","1738","Dean Solomon","5165","0.59","United States","Gastonia","3/28/2015","3/28/2015","-16476.838","false","10","1486.34","85865"
"18804","Low","0.04","35.44","19.99","1738","Dean Solomon","Xerox 1880","0.38","United States","Gastonia","6/14/2015","6/21/2015","-108.2725","false","11","406.26","85868"
"22593","High","0.09","349.45","60","1739","Edna Pierce","SAFCO PlanMaster Heigh-Adjustable Drafting Table Base, 43w x 30d x 30-37h, Black","","United States","Goldsboro","5/3/2015","5/4/2015","-90.748","false","17","5835.41","85867"
"20591","Medium","0","55.99","2.5","1743","Paige Jacobs","Accessory28","0.83","United States","Friendswood","2/12/2015","2/14/2015","-121.05808","false","1","52.1","91025"
"2571","Not Specified","0.02","4.13","6.89","1745","Herbert Holden","Avery 05222 Permanent Self-Adhesive File Folder Labels for Typewriters, on Rolls, White, 250/Roll","0.39","United States","Atlanta","1/9/2015","1/10/2015","-51.737","false","9","45.87","18561"
"1863","Low","0.04","60.65","12.23","1745","Herbert Holden","Tenex Traditional Chairmats for Medium Pile Carpet, Standard Lip, 36"" x 48""","0.64","United States","Atlanta","2/14/2015","2/16/2015","116.5063","true","4","256.77","13408"
"1692","High","0.04","124.49","51.94","1745","Herbert Holden","Bevis 36 x 72 Conference Tables","0.63","United States","Atlanta","6/12/2015","6/14/2015","-247.55157","false","4","605.82","12224"
"1693","High","0.1","35.99","5","1745","Herbert Holden","Accessory17","0.82","United States","Atlanta","6/12/2015","6/12/2015","-277.20924","false","54","1569","12224"
"19692","High","0.04","124.49","51.94","1748","Helen Simpson","Bevis 36 x 72 Conference Tables","0.63","United States","Enid","6/12/2015","6/14/2015","-93.0645","false","1","151.46","87245"
"20571","Not Specified","0.02","4.13","6.89","1749","Sherri P Stephens","Avery 05222 Permanent Self-Adhesive File Folder Labels for Typewriters, on Rolls, White, 250/Roll","0.39","United States","Lawton","1/9/2015","1/10/2015","-48.236","false","2","10.19","87243"
"19863","Low","0.04","60.65","12.23","1749","Sherri P Stephens","Tenex Traditional Chairmats for Medium Pile Carpet, Standard Lip, 36"" x 48""","0.64","United States","Lawton","2/14/2015","2/16/2015","44.2911","true","1","64.19","87244"
"19477","Low","0.04","8.5","1.99","1754","Nelson Hong","Hewlett-Packard 4.7GB DVD+R Discs","0.49","United States","Torrance","2/27/2015","2/28/2015","43.2752","true","14","118.57","90178"
"19478","Low","0.1","15.99","9.4","1754","Nelson Hong","AT&T Black Trimline Phone, Model 210","0.49","United States","Torrance","2/27/2015","2/27/2015","-36.21462","false","5","79.47","90178"
"19479","Low","0.09","95.99","8.99","1754","Nelson Hong","600 Series Flip","0.57","United States","Torrance","2/27/2015","3/3/2015","7.03296","true","8","627.28","90178"
"25920","High","0","115.99","5.92","1764","Michele Bradshaw","8890","0.58","United States","Dunedin","1/22/2015","1/22/2015","-16.772","false","11","1160.42","89775"
"25608","High","0.06","19.98","10.49","1764","Michele Bradshaw","12-1/2 Diameter Round Wall Clock","0.49","United States","Dunedin","3/1/2015","3/3/2015","514.1772","true","5","103.37","89776"
"25609","High","0.08","1.76","4.86","1764","Michele Bradshaw","Regeneration Desk Collection","0.41","United States","Dunedin","3/1/2015","3/2/2015","235.656","true","23","40.22","89776"
"25054","Not Specified","0","5.77","4.97","1765","Ralph Woods Scott","Avery Binding System Hidden Tab™ Executive Style Index Sets","0.35","United States","Creve Coeur","5/4/2015","5/5/2015","3.5581","true","8","52.43","89777"
"20636","Critical","0.01","50.98","6.5","1767","Robert Rollins","Microsoft Natural Multimedia Keyboard","0.73","United States","Newnan","3/26/2015","3/27/2015","5.3397","true","16","818.49","89211"
"24894","Medium","0.07","60.98","49","1771","Jeff Spivey","Euro Pro Shark Stick Mini Vacuum","0.59","United States","Freeport","3/6/2015","3/7/2015","-807.89","false","7","410.17","89106"
"19826","Low","0.09","12.95","4.98","1775","Marlene Kirk","GBC Binding covers","0.4","United States","South Bend","6/14/2015","6/21/2015","123.89175","true","21","269.54","89944"
"20278","Not Specified","0.08","5.78","5.67","1776","Charlotte Patterson","Xerox 1978","0.36","United States","Terre Haute","2/4/2015","2/5/2015","-53.898","false","19","106.57","89941"
"20391","Low","0.07","5.43","0.95","1777","Miriam Greenberg","Wirebound Message Book, 4 per Page","0.36","United States","Valparaiso","4/22/2015","4/26/2015","26.5029","true","7","38.41","89939"
"21163","Low","0.02","10.06","2.06","1777","Miriam Greenberg","Riverleaf Stik-Withit® Designer Note Cubes®","0.39","United States","Valparaiso","1/3/2015","1/8/2015","90.6246","true","13","131.34","89940"
"20600","Not Specified","0.03","19.99","11.17","1777","Miriam Greenberg","Telescoping Adjustable Floor Lamp","0.6","United States","Valparaiso","4/2/2015","4/3/2015","-20.8764","false","12","251.61","89942"
"25498","High","0.06","13.99","7.51","1778","Ray Oakley","Sharp EL500L Fraction Calculator","0.39","United States","West Lafayette","5/10/2015","5/12/2015","6.48324","true","21","287.99","89943"
"25499","High","0.06","15.04","1.97","1778","Ray Oakley","White GlueTop Scratch Pads","0.39","United States","West Lafayette","5/10/2015","5/10/2015","2.332","true","3","46.86","89943"
"19237","High","0","55.48","14.3","1781","Jackie Capps","Xerox 194","0.37","United States","San Carlos","6/12/2015","6/14/2015","454.4478","true","11","658.62","89857"
"19419","Low","0.03","5.08","2.03","1781","Jackie Capps","Master Caster Door Stop, Brown","0.51","United States","San Carlos","1/7/2015","1/12/2015","15.1524","true","4","21.96","89858"
"21283","High","0.03","3.28","3.97","1782","Lawrence Dennis","Newell 342","0.56","United States","San Clemente","1/6/2015","1/8/2015","-90.7556","false","7","24.57","89856"
"23966","Critical","0.04","205.99","8.99","1788","Valerie Siegel","TimeportP7382","0.56","United States","Woodstock","1/21/2015","1/22/2015","960.984","true","6","1008.53","88256"
"21284","Critical","0.04","880.98","44.55","1793","Derek Jernigan","Riverside Palais Royal Lawyers Bookcase, Royale Cherry Finish","0.62","United States","Galesburg","1/6/2015","1/7/2015","-13706.464","false","8","6968.9","87853"
"22986","Critical","0.04","3.68","1.32","1802","Jack Morse","*Staples* vLetter Openers, 2/Pack","0.83","United States","Dunedin","6/1/2015","6/2/2015","300.9258","true","11","41.29","91543"
"18901","Medium","0.01","8.12","2.83","1808","Joyce Knox","Imation Neon Mac Format Diskettes, 10/Pack","0.77","United States","Parkersburg","3/17/2015","3/18/2015","-40.76","false","10","88.64","89251"
"21746","Not Specified","0.09","77.51","4","1814","Albert Tyson","Micro Innovations Media Access Pro Keyboard","0.76","United States","Olive Branch","5/23/2015","5/25/2015","-986.524","false","17","1300.54","90524"
"21747","Not Specified","0","2.88","0.7","1814","Albert Tyson","Newell 340","0.56","United States","Olive Branch","5/23/2015","5/25/2015","-141.666","false","13","38.06","90524"
"24463","Medium","0.06","90.97","14","1815","Marvin Yang","Lexmark Z54se Color Inkjet Printer","0.36","United States","Pearl","2/11/2015","2/12/2015","47.334","true","14","1263.35","90525"
"22843","Low","0.01","10.48","2.89","1816","Danielle Schneider","Staples Battery-Operated Desktop Pencil Sharpener","0.6","United States","Canton","2/5/2015","2/7/2015","60.5616","true","19","202.38","85990"
"24622","Not Specified","0.06","17.98","8.51","1818","Ian Hall","Canon P1-DHIII Palm Printing Calculator","0.4","United States","Dearborn","4/15/2015","4/17/2015","-47.243088","false","3","56.38","85991"
"24623","Not Specified","0.1","9.99","4.78","1818","Ian Hall","Xerox 1896","0.4","United States","Dearborn","4/15/2015","4/18/2015","9.154","true","12","119.13","85991"
"4843","Low","0.01","10.48","2.89","1821","Vanessa Boyer","Staples Battery-Operated Desktop Pencil Sharpener","0.6","United States","New York City","2/5/2015","2/7/2015","40.92","true","76","809.51","34435"
"6621","Not Specified","0.07","18.65","3.77","1821","Vanessa Boyer","3M Polarizing Light Filter Sleeves","0.39","United States","New York City","4/15/2015","4/16/2015","149.72","true","34","643.64","47108"
"6622","Not Specified","0.06","17.98","8.51","1821","Vanessa Boyer","Canon P1-DHIII Palm Printing Calculator","0.4","United States","New York City","4/15/2015","4/17/2015","-52.49232","false","13","244.31","47108"
"6623","Not Specified","0.1","9.99","4.78","1821","Vanessa Boyer","Xerox 1896","0.4","United States","New York City","4/15/2015","4/18/2015","7.96","true","47","466.58","47108"
"6624","Not Specified","0.08","175.99","8.99","1821","Vanessa Boyer","2180","0.57","United States","New York City","4/15/2015","4/16/2015","-459.0828","false","16","2290.69","47108"
"19596","Medium","0.1","52.99","19.99","1826","Kate Peck","Gould Plastics 9-Pocket Panel Bin, 18-3/8w x 5-1/4d x 20-1/2h, Black","0.81","United States","Bettendorf","4/18/2015","4/19/2015","-517.17","false","7","337.59","86958"
"18199","Medium","0","9.27","4.39","1826","Kate Peck","Wirebound Message Books, Four 2 3/4"" x 5"" Forms per Page, 600 Sets per Book","0.38","United States","Bettendorf","5/12/2015","5/14/2015","-7.61","false","1","10.65","86959"
"20551","Not Specified","0","5.98","0.96","1827","Vincent Hale","Newell 315","0.6","United States","Burlington","2/19/2015","2/20/2015","38.0397","true","9","55.13","86956"
"19597","Medium","0.07","100.98","57.38","1827","Vincent Hale","Bush Westfield Collection Bookcases, Dark Cherry Finish, Fully Assembled","0.78","United States","Burlington","4/18/2015","4/21/2015","-429.86","false","2","215.32","86958"
"19598","Medium","0.03","85.99","0.99","1827","Vincent Hale","Accessory34","0.55","United States","Burlington","4/18/2015","4/20/2015","264.1665","true","5","382.85","86958"
"20553","Not Specified","0.02","5.98","5.46","1828","Stacey Lucas","Xerox 1983","0.36","United States","Cedar Falls","2/19/2015","2/20/2015","-47.12","false","7","44.8","86956"
"21383","Low","0.05","7.1","6.05","1828","Stacey Lucas","Wilson Jones Hanging View Binder, White, 1""","0.39","United States","Cedar Falls","1/6/2015","1/6/2015","-101.246","false","14","100.99","86960"
"21384","Low","0.04","20.95","4","1828","Stacey Lucas","Fellowes Basic 104-Key Keyboard, Platinum","0.6","United States","Cedar Falls","1/6/2015","1/11/2015","-1.88","false","7","142.06","86960"
"23430","Critical","0.01","10.64","5.16","1829","Suzanne Cochran","Eldon Expressions Punched Metal & Wood Desk Accessories, Pewter & Cherry","0.57","United States","Cedar Rapids","3/25/2015","3/27/2015","-11.69","false","5","58.52","86957"
"21385","Low","0.05","39.06","10.55","1829","Suzanne Cochran","Ibico Recycled Linen-Style Covers","0.37","United States","Cedar Rapids","1/6/2015","1/13/2015","250.9806","true","9","363.74","86960"
"21386","Low","0.04","3.52","6.83","1829","Suzanne Cochran","Self-Adhesive Ring Binder Labels","0.38","United States","Cedar Rapids","1/6/2015","1/15/2015","-57.753","false","4","15.93","86960"
"21387","Low","0.02","15.51","17.78","1829","Suzanne Cochran","Tenex File Box, Personal Filing Tote with Lid, Black","0.59","United States","Cedar Rapids","1/6/2015","1/13/2015","-47.97","false","1","21.28","86960"
"23589","High","0.01","155.99","8.99","1836","Dwight Albright Huffman","CF 688","0.58","United States","San Francisco","4/19/2015","4/20/2015","-219.07908","false","5","675.83","86600"
"23590","High","0.01","5.98","5.46","1837","Herbert Williamson","Xerox 1983","0.36","United States","San Gabriel","4/19/2015","4/21/2015","-18.8784","false","4","28","86600"
"18141","Not Specified","0.07","40.98","2.99","1840","Clifford Webb","Avery Trapezoid Ring Binder, 3"" Capacity, Black, 1040 sheets","0.36","United States","Townsend","3/30/2015","4/1/2015","369.2052","true","13","535.08","86599"
"19139","High","0.09","35.99","1.1","1849","Michelle Steele","Accessory35","0.55","United States","Enterprise","4/1/2015","4/3/2015","19.35","true","8","222.71","89697"
"19140","High","0.01","125.99","2.5","1849","Michelle Steele","i2000","0.6","United States","Enterprise","4/1/2015","4/2/2015","-967.834","false","2","220.52","89697"
"19141","Not Specified","0.06","6.48","5.14","1852","Joy Kaplan McNeill","Xerox 23","0.37","United States","Carlsbad","3/19/2015","3/21/2015","-28.45","false","10","68.34","86847"
"19142","Not Specified","0.02","30.73","4","1854","Erika Morgan","Fellowes 17-key keypad for PS/2 interface","0.75","United States","Seymour","3/19/2015","3/22/2015","72.78","true","16","522.22","86847"
"20036","Critical","0.09","5.98","1.49","1860","Gina B Hess","Avery Hanging File Binders","0.39","United States","Webster","6/15/2015","6/17/2015","13.2294","true","5","28.01","86846"
"18879","Not Specified","0.08","8.09","7.96","1869","Roberta Daniel","6"" Cubicle Wall Clock, Black","0.49","United States","Alamogordo","5/3/2015","5/4/2015","-88.82","false","10","80.35","89209"
"19415","Medium","0.03","90.48","19.99","1873","Lisa Kim","Tyvek® Side-Opening Peel & Seel® Expanding Envelopes","0.4","United States","Palm Beach Gardens","1/17/2015","1/19/2015","15.354","true","1","99.69","90099"
"19416","Medium","0.06","22.84","8.18","1873","Lisa Kim","Xerox 1991","0.39","United States","Palm Beach Gardens","1/17/2015","1/17/2015","-357.924","false","7","152.49","90099"
"20844","Critical","0.09","95.99","4.9","1875","Martin Kirk","T60","0.56","United States","Chesapeake","1/29/2015","1/31/2015","34.302","true","4","320.75","90899"
"18284","Not Specified","0.09","5.78","5.67","1882","Anita Kent","Xerox 1978","0.36","United States","Linden","3/1/2015","3/3/2015","-7.96","false","1","11.35","87378"
"18283","Not Specified","0.05","535.64","14.7","1885","Jacob Hirsch","Epson LQ-870 Dot Matrix Printer","0.59","United States","Barrington","3/1/2015","3/3/2015","4407.44","true","15","7029.1","87378"
"19918","Low","0.09","78.8","35","1889","Oscar Bowers","Space Solutions™ Industrial Galvanized Steel Shelving.","0.83","United States","Kettering","4/17/2015","4/21/2015","-1025.0172","false","14","1059.38","90631"
"23886","Not Specified","0.03","320.64","29.2","1891","Gretchen Levine","Chromcraft 48"" x 96"" Racetrack Double Pedestal Table","0.66","United States","Lima","4/5/2015","4/7/2015","429.754356","true","7","2233.46","90630"
"22858","Low","0.03","180.98","26.2","1893","Melanie Burgess","Global Ergonomic Managers Chair","0.59","United States","Webster Groves","4/26/2015","4/30/2015","588.54","true","5","928.92","91262"
"23260","Critical","0","300.98","164.73","1894","Maureen Herbert Hood","Global Leather and Oak Executive Chair, Black","0.56","United States","Appleton","2/24/2015","2/25/2015","2653.2915","true","12","3845.35","91261"
"23261","Critical","0.09","2.94","0.96","1894","Maureen Herbert Hood","Newell 343","0.58","United States","Appleton","2/24/2015","2/26/2015","-1.84","false","1","3.77","91261"
"23237","High","0.01","26.17","1.39","1894","Maureen Herbert Hood","Quality Park Security Envelopes","0.38","United States","Appleton","3/18/2015","3/19/2015","237.0426","true","13","343.54","91263"
"19048","Low","0.07","172.99","19.99","1906","Penny Tuttle","Ibico EB-19 Dual Function Manual Binding System","0.39","United States","Lima","5/17/2015","5/17/2015","2502.6852","true","22","3627.08","86500"
"19049","Low","0.09","7.64","1.39","1907","Amy Hall","#10- 4 1/8"" x 9 1/2"" Security-Tint Envelopes","0.36","United States","Lorain","5/17/2015","5/26/2015","0.688","true","1","8.34","86500"
"23812","Not Specified","0.02","29.17","6.27","1910","Sean Stephenson","Binding Machine Supplies","0.37","United States","Peachtree City","1/1/2015","1/2/2015","36.906","true","2","63.32","91371"
"18962","Critical","0.03","11.99","5.99","1916","Marcia Feldman","TI 30X Scientific Calculator","0.36","United States","Little Rock","2/27/2015","2/28/2015","-216.0298","false","7","83.72","85893"
"18016","High","0.01","125.99","8.99","1916","Marcia Feldman","SC7868i","0.55","United States","Little Rock","4/16/2015","4/18/2015","-45.472","false","9","1011.44","85895"
"21000","Medium","0.08","18.7","8.99","1917","Tracy Buckley","Executive Impressions 13-1/2"" Indoor/Outdoor Wall Clock","0.47","United States","North Little Rock","3/27/2015","3/28/2015","16.1364","true","7","132.23","85894"
"19967","High","0.08","22.23","3.63","1917","Tracy Buckley","Executive Impressions 14"" Contract Wall Clock","0.52","United States","North Little Rock","3/1/2015","3/3/2015","-29.61","false","10","210.33","85897"
"22246","Low","0.1","10.44","5.75","1918","Hannah Tyson","Avery® 3 1/2"" Diskette Storage Pages, 10/Pack","0.39","United States","Paragould","4/4/2015","4/11/2015","125.724","true","17","168.04","85898"
"24971","High","0","195.99","8.99","1919","Nathan Jenkins","T28 WORLD","0.6","United States","Pine Bluff","2/24/2015","2/25/2015","114.882","true","5","882.93","85896"
"21563","High","0.02","259.71","66.67","1927","Earl Alston","Bevis Round Bullnose 29"" High Table Top","0.65","United States","Greenville","2/6/2015","2/6/2015","-14.448","false","8","1757.15","88579"
"22686","Not Specified","0.1","1889.99","19.99","1928","Gregory R Snow","Ibico EPK-21 Electric Binding System","0.36","United States","Greer","1/21/2015","1/21/2015","-42.546","false","1","1786.04","88580"
"18159","Low","0.06","3.58","1.63","1933","William Crawford","OIC Colored Binder Clips, Assorted Sizes","0.36","United States","Garland","4/19/2015","4/23/2015","14","true","10","34.76","86687"
"19697","Low","0.04","180.98","30","1934","Scott Moore","Office Star - Ergonomic Mid Back Chair with 2-Way Adjustable Arms","0.69","United States","Georgetown","5/30/2015","5/30/2015","52.9880000000001","true","3","561.65","86688"
"19780","Critical","0.01","42.98","4.62","1935","Diana Coble Hubbard","Belkin F9M820V08 8 Outlet Surge","0.56","United States","Grand Prairie","4/8/2015","4/10/2015","285.4737","true","9","413.73","86686"
"19698","Low","0.06","3.25","49","1935","Diana Coble Hubbard","Bravo II™ Megaboss® 12-Amp Hard Body Upright, Replacement Belts, 2 Belts per Pack","0.56","United States","Grand Prairie","5/30/2015","6/5/2015","10.508","true","2","55.6","86688"
"19699","Low","0.01","110.98","13.99","1935","Diana Coble Hubbard","Rubbermaid ClusterMat Chairmats, Mat Size- 66"" x 60"", Lip 20"" x 11"" -90 Degree Angle","0.69","United States","Grand Prairie","5/30/2015","6/4/2015","1448.7309","true","19","2099.61","86688"
"19700","Low","0.05","3.95","2","1935","Diana Coble Hubbard","Advantus Map Pennant Flags and Round Head Tacks","0.53","United States","Grand Prairie","5/30/2015","6/7/2015","1.004","true","23","96.6","86688"
"23551","Medium","0.1","152.48","4","1938","Franklin Spencer","Adesso Programmable 142-Key Keyboard","0.79","United States","Emporia","3/22/2015","3/23/2015","-521.09","false","4","558.17","88870"
"23550","Medium","0.08","6.84","8.37","1940","Eileen McDonald","Acme Design Line 8"" Stainless Steel Bent Scissors w/Champagne Handles, 3-1/8"" Cut","0.58","United States","Draper","3/22/2015","3/24/2015","-29.49","false","1","8.39","88870"
"25531","Low","0","78.65","13.99","1940","Eileen McDonald","Honeywell Quietcare HEPA Air Cleaner","0.52","United States","Draper","4/19/2015","4/26/2015","386.0067","true","7","559.43","88871"
"25532","Low","0.08","122.99","70.2","1940","Eileen McDonald","Global High-Back Leather Tilter, Burgundy","0.74","United States","Draper","4/19/2015","4/24/2015","-1867.97","false","10","1216.52","88871"
"20371","Medium","0.08","90.98","56.2","1946","Teresa Wallace","Eldon ClusterMat Chair Mat with Cordless Antistatic Protection","0.74","United States","Mount Lebanon","1/26/2015","1/28/2015","-1920.9336","false","12","1058.36","86331"
"20372","Medium","0.07","5.98","5.35","1946","Teresa Wallace","Xerox 1947","0.4","United States","Mount Lebanon","1/26/2015","1/28/2015","-37.1752","false","3","18.31","86331"
"21762","Low","0.05","424.21","110.2","1949","Dana Waller","Bush Advantage Collection® Racetrack Conference Table","0.67","United States","Bozeman","2/1/2015","2/5/2015","-213.4028","false","12","4935.22","90415"
"24793","Not Specified","0.01","6.68","4.91","1950","Leslie Shannon","Xerox 1986","0.37","United States","Butte","1/6/2015","1/8/2015","-15.48","false","7","51.03","90414"
"23378","High","0.09","40.98","6.5","1956","Justin Frank","Targus USB Numeric Keypad","0.74","United States","Louisville","6/19/2015","6/21/2015","-50.245","false","19","746.91","89820"
"21638","High","0.09","77.51","4","1957","Ted Crowder","Micro Innovations Media Access Pro Keyboard","0.76","United States","University City","4/7/2015","4/9/2015","-387.1044","false","1","77.47","89818"
"24640","Low","0.09","30.98","6.5","1958","Vickie Martinez","Belkin ErgoBoard™ Keyboard","0.64","United States","West Linn","6/18/2015","6/22/2015","-55.97","false","7","204.34","89819"
"3956","Critical","0","20.28","14.39","1959","Bonnie Matthews Rowland","Career Cubicle Clock, 8 1/4"", Black","0.47","United States","Miami","1/22/2015","1/22/2015","-66.2473","false","9","206.04","28225"
"3684","Low","0.02","9.99","11.59","1959","Bonnie Matthews Rowland","Hammermill Color Copier Paper (28Lb. and 96 Bright)","0.4","United States","Miami","4/18/2015","4/27/2015","-171.1577","false","43","475.42","26342"
"3685","Low","0.02","48.04","5.79","1959","Bonnie Matthews Rowland","Xerox 1937","0.37","United States","Miami","4/18/2015","4/23/2015","624.239","true","74","3598.82","26342"
"3686","Low","0.04","6.68","4.91","1959","Bonnie Matthews Rowland","Xerox 1986","0.37","United States","Miami","4/18/2015","4/25/2015","-14.3241","false","5","41.22","26342"
"21685","Low","0.02","48.04","5.79","1962","Sean Burton","Xerox 1937","0.37","United States","Saginaw","4/18/2015","4/23/2015","604.0191","true","18","875.39","88857"
"21686","Low","0.04","6.68","4.91","1962","Sean Burton","Xerox 1986","0.37","United States","Saginaw","4/18/2015","4/25/2015","-11.6316","false","1","8.24","88857"
"22488","Medium","0.01","78.65","13.99","1967","Carolyn Hoffman","Honeywell Quietcare HEPA Air Cleaner","0.52","United States","Clinton","3/18/2015","3/19/2015","442.3659","true","8","641.11","89456"
"26220","Medium","0.02","11.58","5.72","1971","Marsha Roy","Peel & Seel® Recycled Catalog Envelopes, Brown","0.35","United States","Tupelo","1/18/2015","1/19/2015","-259.756","false","3","35.48","91550"
"26223","Medium","0.05","350.99","39","1972","Priscilla Brandon","Global Leather Executive Chair","0.55","United States","Willow Grove","1/18/2015","1/20/2015","1469.7276","true","6","2130.04","91550"
"26224","Medium","0.04","15.99","9.4","1972","Priscilla Brandon","AT&T Black Trimline Phone, Model 210","0.49","United States","Willow Grove","1/18/2015","1/20/2015","-83.55306","false","5","82.8","91550"
"18795","Medium","0.09","20.48","6.32","1974","Robert Brantley","Kensington 6 Outlet Guardian Standard Surge Protector","0.58","United States","Dearborn Heights","5/20/2015","5/21/2015","-16.89","false","5","99.02","89040"
"18796","Medium","0.06","15.67","1.39","1974","Robert Brantley","#10 White Business Envelopes,4 1/8 x 9 1/2","0.38","United States","Dearborn Heights","5/20/2015","5/21/2015","25.51","true","3","46.4","89040"
"25731","Critical","0.05","70.98","46.74","1976","Sherri F Vogel","Hon Metal Bookcases, Putty","0.56","United States","East Lansing","1/10/2015","1/11/2015","-850.6524","false","8","551.51","89039"
"25732","Critical","0.05","11.55","2.36","1976","Sherri F Vogel","Newell 309","0.55","United States","East Lansing","1/10/2015","1/12/2015","98.5251","true","12","142.79","89039"
"24887","Critical","0.06","40.99","17.48","1976","Sherri F Vogel","Xerox 1893","0.36","United States","East Lansing","3/23/2015","3/25/2015","214.23","true","14","585.08","89041"
"21692","Not Specified","0.05","20.99","3.3","1979","Marianne Weiner Ennis","Accessory39","0.81","United States","Littleton","5/5/2015","5/6/2015","21.8834","true","4","72.75","87757"
"24935","Not Specified","0.1","7.37","5.53","1984","Lynne Wilcox","Imation 3.5"" Unformatted DS/HD Diskettes, 10/Box","0.69","United States","Hilton Head Island","5/16/2015","5/16/2015","290.202","true","38","269.33","91258"
"20568","Not Specified","0.01","15.31","8.78","1986","Lynda Rosenthal","Eldon Jumbo ProFile™ Portable File Boxes Graphite/Black","0.57","United States","Midland","5/6/2015","5/7/2015","12.146","true","23","377","90888"
"20569","Not Specified","0.05","7.99","5.03","1986","Lynda Rosenthal","Bell Sonecor JB700 Caller ID","0.6","United States","Midland","5/6/2015","5/8/2015","5.68700000000001","true","4","42.99","90888"
"19336","High","0.05","20.98","21.2","1988","Anna Burgess","36X48 HARDFLOOR CHAIRMAT","0.78","United States","Draper","1/3/2015","1/4/2015","-181.102","false","3","65.69","89999"
"22600","Not Specified","0.04","355.98","58.92","1989","David Weaver","Hon 4700 Series Mobuis™ Mid-Back Task Chairs with Adjustable Arms","0.64","United States","Holladay","1/21/2015","1/22/2015","882.93","true","8","2748.21","90000"
"22601","Not Specified","0.09","19.98","8.68","1989","David Weaver","Southworth 25% Cotton Premium Laser Paper and Envelopes","0.37","United States","Holladay","1/21/2015","1/22/2015","6.6804","true","5","93.19","90000"
"20554","High","0.01","30.98","6.5","1989","David Weaver","Belkin ErgoBoard™ Keyboard","0.64","United States","Holladay","5/15/2015","5/16/2015","46.29","true","11","363.37","90001"
"20555","High","0.01","40.99","19.99","1989","David Weaver","White Dual Perf Computer Printout Paper, 2700 Sheets, 1 Part, Heavyweight, 20 lbs., 14 7/8 x 11","0.36","United States","Holladay","5/15/2015","5/18/2015","177.79","true","11","480.75","90001"
"21723","Medium","0.1","1.6","1.29","1989","David Weaver","Sanford Pocket Accent® Highlighters","0.42","United States","Holladay","4/30/2015","4/30/2015","-14.9904","false","11","16.88","90003"
"25417","Medium","0","47.9","5.86","1991","Paula Hubbard","Xerox 1938","0.37","United States","Kearns","2/22/2015","2/24/2015","638.3811","true","18","925.19","90002"
"19797","Not Specified","0.1","125.99","8.99","1997","Harriet Bowman","5170i","0.57","United States","Hilton Head Island","1/25/2015","1/28/2015","17.652","true","4","408.66","90333"
"19581","Medium","0.01","16.48","1.99","1997","Harriet Bowman","Maxell DVD-RAM Discs","0.42","United States","Hilton Head Island","5/7/2015","5/8/2015","739.674","true","7","122.93","90334"
"21003","Low","0","24.92","12.98","1997","Harriet Bowman","GBC Standard Therm-A-Bind Covers","0.39","United States","Hilton Head Island","6/2/2015","6/2/2015","-23.156","false","1","32.66","90335"
"20392","Not Specified","0.06","4.42","4.99","1998","Judy Frazier","Grip Seal Envelopes","0.38","United States","East Massapequa","6/3/2015","6/5/2015","-10.435","false","3","14.85","90568"
"24075","Medium","0.06","4.24","5.41","2004","James Dickinson Ball","Storex DuraTech Recycled Plastic Frosted Binders","0.35","United States","Bozeman","4/17/2015","4/19/2015","-78.91668","false","10","45","91277"
"24076","Medium","0.04","6783.02","24.49","2004","James Dickinson Ball","Polycom ViewStation™ ISDN Videoconferencing Unit","0.39","United States","Bozeman","4/17/2015","4/19/2015","-13562.637408","false","1","6569.07","91277"
"25251","Not Specified","0.03","5.78","5.37","2006","Cynthia Khan","Xerox 1950","0.36","United States","Durango","3/5/2015","3/6/2015","-63.35","false","15","88.22","88798"
"20006","Medium","0.1","10.48","2.89","2016","Wayne Bean","Staples Battery-Operated Desktop Pencil Sharpener","0.6","United States","Southgate","6/18/2015","6/19/2015","-8.904","false","4","40.29","86874"
"18989","High","0.07","39.48","1.99","2014","Cathy Simon","80 Minute CD-R Spindle, 100/Pack - Staples","0.54","United States","Council Bluffs","3/22/2015","3/24/2015","88.72","true","4","151.27","88367"
"18990","High","0","4.91","0.5","2014","Cathy Simon","Avery 493","0.36","United States","Council Bluffs","3/22/2015","3/24/2015","7.2519","true","2","10.51","88367"
"21573","Critical","0.06","6.48","7.49","2014","Cathy Simon","Xerox 220","0.37","United States","Council Bluffs","4/4/2015","4/4/2015","-191.49","false","12","74.93","88368"
"25557","Critical","0.02","120.98","58.64","2020","Erika Jordan","O'Sullivan Living Dimensions 2-Shelf Bookcases","0.75","United States","Plum","2/13/2015","2/15/2015","-1330.5","false","11","1370.99","86933"
"22145","Critical","0.04","120.97","7.11","2030","Lindsay O'Connell","Canon BP1200DH 12-Digit Bubble Jet Printing Calculator","0.36","United States","Greenville","3/17/2015","3/17/2015","1320.5496","true","16","1913.84","91059"
"22146","Critical","0","195.99","4.2","2030","Lindsay O'Connell","688","0.6","United States","Greenville","3/17/2015","3/19/2015","1585.503","true","16","2692.12","91059"
"20654","Medium","0.03","55.98","4.86","2030","Lindsay O'Connell","Xerox 1908","0.36","United States","Greenville","3/18/2015","3/20/2015","526.0422","true","13","762.38","91060"
"25918","Critical","0.1","1.89","0.76","2035","Jon Ward","Revere Boxed Rubber Bands by Revere","0.83","United States","Palm Beach Gardens","5/18/2015","5/20/2015","-40.432","false","20","36.72","87117"
"19733","Not Specified","0","73.98","14.52","2037","Lynda Herman","Keytronic French Keyboard","0.65","United States","Bozeman","3/12/2015","3/14/2015","-88.61","false","4","305.71","89333"
"22018","High","0.06","40.99","17.48","2038","Peter Adams","Xerox 1893","0.36","United States","Mount Vernon","4/21/2015","4/21/2015","109.16","true","7","277.12","89334"
"24731","Low","0.09","20.99","2.5","2044","Jay Simon","Accessory37","0.81","United States","Rogers","6/24/2015","7/1/2015","-136.122","false","6","100.11","88692"
"22970","Critical","0.04","4.28","5.68","2046","Eileen Schwartz","Xerox 199","0.4","United States","Liberal","6/12/2015","6/14/2015","-27.375","false","7","31.54","88219"
"22971","Critical","0.06","376.13","85.63","2046","Eileen Schwartz","Bretford Rectangular Conference Table Tops","0.74","United States","Liberal","6/12/2015","6/14/2015","-435.7575","false","13","4634.69","88219"
"22972","Critical","0.06","424.21","110.2","2046","Eileen Schwartz","Bush Advantage Collection® Racetrack Conference Table","0.67","United States","Liberal","6/12/2015","6/13/2015","682.53","true","17","7304.03","88219"
"22973","Critical","0.06","195.99","8.99","2046","Eileen Schwartz","T28 WORLD","0.6","United States","Liberal","6/12/2015","6/14/2015","-277.222","false","4","632.65","88219"
"18497","High","0.03","15.28","1.99","2049","Kenneth Pollock","Memorex 4.7GB DVD+R, 3/Pack","0.42","United States","Harrisonburg","6/21/2015","6/23/2015","-266.686","false","19","290.98","88220"
"18498","High","0.09","1.76","0.7","2049","Kenneth Pollock","Newell 326","0.56","United States","Harrisonburg","6/21/2015","6/24/2015","-12.278","false","13","21.77","88220"
"18251","Not Specified","0.07","31.78","1.99","2052","Francis Kendall","Memorex 4.7GB DVD-RAM, 3/Pack","0.42","United States","Albuquerque","2/19/2015","2/21/2015","265.1118","true","13","384.22","87234"
"18252","Not Specified","0","5.98","2.5","2052","Francis Kendall","Wausau Papers Astrobrights® Colored Envelopes","0.36","United States","Albuquerque","2/19/2015","2/20/2015","9.5608","true","5","31.64","87234"
"18253","Not Specified","0.1","35.99","1.1","2052","Francis Kendall","Accessory35","0.55","United States","Albuquerque","2/19/2015","2/20/2015","390.0984","true","19","565.36","87234"
"20481","Medium","0.07","5.98","5.46","2058","Louise Webster Sharma","Xerox 1983","0.36","United States","Hickory","2/13/2015","2/15/2015","46.65","true","5","32.76","88040"
"23499","Not Specified","0.09","28.48","1.99","2059","Nathan Newton","Memorex 4.7GB DVD+RW, 3/Pack","0.4","United States","High Point","1/17/2015","1/18/2015","-1250.746","false","13","336.92","88039"
"21632","Critical","0.1","9.85","4.82","2059","Nathan Newton","Lumber Crayons","0.47","United States","High Point","3/27/2015","3/28/2015","374.904","true","12","114.91","88041"
"21633","Critical","0.04","125.99","7.69","2059","Nathan Newton","Timeport L7089","0.58","United States","High Point","3/27/2015","3/28/2015","-528.836","false","9","934.52","88041"
"20841","Medium","0.02","240.98","60.2","2061","Marianne Carey","Atlantic Metals Mobile 2-Shelf Bookcases, Custom Colors","0.56","United States","North Platte","1/29/2015","1/31/2015","-272.7132","false","1","260.66","87146"
"20840","Medium","0.02","420.98","19.99","2062","Alfred Singh","GBC DocuBind 200 Manual Binding Machine","0.35","United States","Mechanicsville","1/29/2015","2/1/2015","-162.694","false","10","4249.37","87146"
"22511","Low","0.04","291.73","48.8","2062","Alfred Singh","Hon 4070 Series Pagoda™ Armless Upholstered Stacking Chairs","0.56","United States","Mechanicsville","6/26/2015","6/30/2015","-115.9039","false","22","6676.61","87148"
"25759","Low","0.06","300.97","7.18","2063","Todd D Norris","Gyration Ultra Professional Cordless Optical Suite","0.48","United States","Newport News","5/8/2015","5/8/2015","-729.988","false","1","291.4","87147"
"25228","Medium","0.09","20.89","11.52","2066","Claudia Webb","Iris® 3-Drawer Stacking Bin, Black","0.83","United States","Indian Trail","3/26/2015","3/27/2015","-133.546","false","7","146.5","85833"
"24748","Critical","0.09","20.99","4.81","2066","Claudia Webb","1726 Digital Answering Machine","0.58","United States","Indian Trail","3/31/2015","4/1/2015","272.694","true","2","38.98","85834"
"25381","Low","0.1","4.24","5.41","2066","Claudia Webb","Storex DuraTech Recycled Plastic Frosted Binders","0.35","United States","Indian Trail","4/19/2015","4/23/2015","-61.6","false","8","34.16","85835"
"21901","Medium","0.1","40.98","6.5","2069","Elsie Boykin","Targus USB Numeric Keypad","0.74","United States","Fort Thomas","1/12/2015","1/14/2015","66.852","true","3","120.34","88554"
"19567","Low","0.07","35.99","5.99","2070","Kelly Collins","Accessory41","0.38","United States","Eastpointe","5/16/2015","5/20/2015","17.8398","true","5","153.61","88558"
"20498","Not Specified","0.03","60.98","1.99","2071","Victor Cherry","Imation 5.2GB DVD-RAM","0.5","United States","Farmington Hills","2/1/2015","2/1/2015","976.2672","true","23","1414.88","88555"
"20499","Not Specified","0.04","3.08","0.99","2071","Victor Cherry","Avery 481","0.37","United States","Farmington Hills","2/1/2015","2/2/2015","23.2047","true","11","33.63","88555"
"19568","Low","0.08","65.99","5.92","2071","Victor Cherry","i500plus","0.58","United States","Farmington Hills","5/16/2015","5/23/2015","183.843","true","20","1063.81","88558"
"20500","Not Specified","0","10.31","1.79","2072","Malcolm S Lanier","Speediset Carbonless Redi-Letter® 7"" x 8 1/2""","0.38","United States","Flint","2/1/2015","2/3/2015","167.463","true","23","242.7","88555"
"20824","High","0.09","260.98","41.91","2072","Malcolm S Lanier","Atlantic Metals Mobile 3-Shelf Bookcases, Custom Colors","0.59","United States","Flint","2/11/2015","2/13/2015","1307.2692","true","14","3377.06","88556"
"20825","High","0.01","10.52","7.94","2072","Malcolm S Lanier","Ultra Door Pull Handle","0.52","United States","Flint","2/11/2015","2/13/2015","-15.8184","false","11","123.93","88556"
"20826","High","0.02","5.98","7.5","2072","Malcolm S Lanier","Xerox 1920","0.4","United States","Flint","2/11/2015","2/13/2015","-55.8324","false","14","93.96","88556"
"24677","Not Specified","0.05","291.73","48.8","2073","Evan Kelley","Hon 4070 Series Pagoda™ Armless Upholstered Stacking Chairs","0.56","United States","Garden City","4/7/2015","4/9/2015","550.3808","true","6","1818.41","88557"
"24094","Low","0.09","1.48","0.7","2081","Matthew Conway","Binder Clips by OIC","0.37","United States","Ithaca","1/3/2015","1/5/2015","1.68","true","6","8.95","86092"
"21697","Low","0.06","38.06","4.5","2089","Annie Odom","Fellowes Superior 10 Outlet Split Surge Protector","0.56","United States","New City","6/30/2015","7/6/2015","450.4596","true","17","652.84","88348"
"21698","Low","0.08","599.99","24.49","2089","Annie Odom","Hewlett Packard LaserJet 3310 Copier","0.37","United States","New City","6/30/2015","7/8/2015","8798.1831","true","22","12750.99","88348"
"21699","Low","0.1","3.98","2.97","2089","Annie Odom","Unpadded Memo Slips","0.35","United States","New City","6/30/2015","7/4/2015","-5.385","false","5","20.54","88348"
"18696","Medium","0.08","400.98","42.52","2094","Vernon Hirsch Singleton","Bretford CR8500 Series Meeting Room Furniture","0.71","United States","Chico","2/5/2015","2/6/2015","3031.9724","true","20","7840.04","86629"
"18417","Medium","0.1","300.97","7.18","2097","Patsy Shea","Gyration Ultra Professional Cordless Optical Suite","0.48","United States","Hilton Head Island","4/18/2015","4/19/2015","138.018","true","4","1094.33","87889"
"18418","Medium","0.06","39.89","3.04","2098","Tracy Dyer","Ultra Commercial Grade Dual Valve Door Closer","0.53","United States","Mount Pleasant","4/18/2015","4/20/2015","38.874","true","10","389.97","87889"
"22234","Not Specified","0.07","14.56","3.5","2099","Nathan Fox","Acco 6 Outlet Guardian Premium Surge Suppressor","0.58","United States","Myrtle Beach","1/8/2015","1/9/2015","-45.528","false","6","84.59","87888"
"5501","Medium","0.05","399.98","12.06","2107","Leigh Burnette Hurley","Okidata ML320 Series Turbo Dot Matrix Printers","0.56","United States","Chicago","6/6/2015","6/6/2015","567.59","true","24","9666.72","39015"
"5502","Medium","0.07","6.48","5.74","2107","Leigh Burnette Hurley","Xerox 1994","0.37","United States","Chicago","6/6/2015","6/6/2015","-28.45","false","20","134.58","39015"
"23502","Medium","0.07","6.48","5.74","2108","Alfred Barber","Xerox 1994","0.37","United States","Mehlville","6/6/2015","6/6/2015","-14.225","false","5","33.65","87862"
"18540","Critical","0.08","6.68","1.5","2114","Paige Mason","Sanford Liquid Accent Highlighters","0.48","United States","Norfolk","3/26/2015","3/28/2015","-601.804","false","10","66.12","88403"
"18562","Critical","0.08","2.89","0.49","2114","Paige Mason","*Staples* Packaging Labels","0.38","United States","Norfolk","4/23/2015","4/23/2015","38.406","true","1","3.07","88404"
"21066","Critical","0.07","226.67","28.16","2114","Paige Mason","Hon GuestStacker Chair","0.59","United States","Norfolk","2/26/2015","2/27/2015","53.1144","true","1","255.83","88405"
"21067","Critical","0.08","20.98","53.03","2114","Paige Mason","Tennsco Lockers, Gray","0.78","United States","Norfolk","2/26/2015","2/28/2015","8.742","true","20","421.18","88405"
"21153","Medium","0.02","95.95","74.35","2115","Jeffrey Lloyd","Bevis Steel Folding Chairs","0.57","United States","Oakton","4/29/2015","5/1/2015","636.522","true","14","1377.46","88406"
"20249","High","0.03","320.98","24.49","2117","Jack Hatcher","Hon Pagoda™ Stacking Chairs","0.55","United States","Greenville","4/20/2015","4/22/2015","4554.4347","true","20","6600.63","90891"
"20250","High","0.06","125.99","8.8","2117","Jack Hatcher","StarTAC 6500","0.59","United States","Greenville","4/20/2015","4/21/2015","618.19308","true","18","1811.99","90891"
"22231","Critical","0.06","80.97","33.6","2122","Carolyn Fisher","Lexmark Z25 Color Inkjet Printer","0.37","United States","Sherwood","2/1/2015","2/3/2015","-15.1844","false","10","799.76","89664"
"24674","High","0.04","45.19","1.99","2124","Paige Powers","Verbatim DVD-RAM, 9.4GB, Rewritable, Type 1, DS, DataLife Plus","0.55","United States","West Memphis","1/1/2015","1/2/2015","-61.194","false","13","609.09","89665"
"23852","High","0.03","124.49","51.94","2124","Paige Powers","Bevis 36 x 72 Conference Tables","0.63","United States","West Memphis","3/26/2015","3/27/2015","18.174","true","21","2761.94","89666"
"24091","Critical","0.1","5.98","5.14","2127","Joyce Kern","Xerox 1974","0.36","United States","Sterling Heights","3/18/2015","3/20/2015","-49.53","false","6","33.95","88418"
"21902","High","0.09","150.98","66.27","2131","Mary Hewitt","Bush Mission Pointe Library","0.65","United States","Gladstone","1/3/2015","1/4/2015","-407.85","false","2","302.34","90079"
"21964","Low","0.05","30.42","8.65","2132","Philip Hawkins","Fellowes Internet Keyboard, Platinum","0.74","United States","Hazelwood","1/10/2015","1/14/2015","-191.2576","false","11","334.44","90078"
"24348","High","0.01","28.99","8.59","2135","Melvin Kendall","SouthWestern Bell FA970 Digital Answering Machine with Time/Day Stamp","0.56","United States","Clovis","2/6/2015","2/7/2015","196.52328","true","21","556.61","91583"
"20138","Not Specified","0","6.98","1.6","2137","Crystal Crabtree","Adams Phone Message Book, Professional, 400 Message Capacity, 5 3/6” x 11”","0.38","United States","West Palm Beach","1/31/2015","2/2/2015","-343.868","false","9","64.48","86002"
"20712","Critical","0.05","2550.14","29.7","2139","Jon Kendall","Epson DFX-8500 Dot Matrix Printer","0.57","United States","Watertown","4/16/2015","4/17/2015","-3971.0628","false","2","4845.27","86003"
"18409","High","0.01","5.44","7.46","2141","Molly Webster","Wilson Jones Custom Binder Spines & Labels","0.36","United States","Durango","2/18/2015","2/19/2015","-18.4782","false","3","19.68","87570"
"18410","High","0.02","549.99","49","2141","Molly Webster","Sharp 1540cs Digital Laser Copier","0.35","United States","Durango","2/18/2015","2/20/2015","-381.8412","false","18","9798.84","87570"
"18411","High","0.03","22.01","5.53","2141","Molly Webster","Boston 16801 Nautilus™ Battery Pencil Sharpener","0.59","United States","Durango","2/18/2015","2/19/2015","12.5504","true","7","154.11","87570"
"18412","High","0.09","34.76","8.22","2141","Molly Webster","Multi-Use Personal File Cart and Caster Set, Three Stacking Bins","0.57","United States","Durango","2/18/2015","2/20/2015","45.3324","true","7","242.97","87570"
"23249","High","0.08","17.15","4.96","2143","Lester Sawyer","Advantus Rolling Storage Box","0.58","United States","Fairfax","6/13/2015","6/16/2015","33.66","true","12","200.61","87569"
"24264","Medium","0","20.28","14.39","2145","Kerry Hardy","Career Cubicle Clock, 8 1/4"", Black","0.47","United States","Fort Lauderdale","2/10/2015","2/12/2015","15.678","true","11","237.83","87072"
"23795","Low","0.05","20.34","35","2146","Courtney Boyd","Tennsco Commercial Shelving","0.84","United States","Fairfax","1/6/2015","1/10/2015","52.776","true","2","53.02","87071"
"22555","Not Specified","0.08","243.98","43.32","2151","Melinda Rogers","Hon Deluxe Fabric Upholstered Stacking Chairs, Rounded Back","0.55","United States","Dubuque","1/5/2015","1/6/2015","-162.8244","false","1","248.84","90404"
"24791","High","0.08","5.74","5.01","2151","Melinda Rogers","Binder Posts","0.39","United States","Dubuque","2/9/2015","2/11/2015","-6.93082","false","1","7.21","90405"
"21834","Low","0.05","55.5","52.2","2157","Tom Hoyle Honeycutt","Eldon Cleatmat® Chair Mats for Medium Pile Carpets","0.72","United States","Warren","3/16/2015","3/16/2015","-118.54","false","4","253.87","90385"
"21835","Low","0.05","442.14","14.7","2157","Tom Hoyle Honeycutt","Okidata ML390 Turbo Dot Matrix Printers","0.56","United States","Warren","3/16/2015","3/25/2015","2963.48","true","14","5880.46","90385"
"21975","High","0.07","30.93","3.92","2157","Tom Hoyle Honeycutt","Advantus Employee of the Month Certificate Frame, 11 x 13-1/2","0.44","United States","Warren","5/3/2015","5/4/2015","398.3025","true","19","577.25","90386"
"21976","High","0.05","297.48","18.06","2157","Tom Hoyle Honeycutt","Panasonic KX-P3200 Dot Matrix Printer","0.6","United States","Warren","5/3/2015","5/4/2015","709.852","true","14","4075.18","90386"
"21977","High","0.07","296.18","54.12","2157","Tom Hoyle Honeycutt","Hon 94000 Series Round Tables","0.76","United States","Warren","5/3/2015","5/5/2015","80.8092000000001","true","6","1798.23","90386"
"23775","Medium","0.08","30.98","8.74","2159","Wesley Field","Xerox 1979","0.4","United States","Westland","5/20/2015","5/21/2015","371.272","true","25","727.2","90387"
"23773","Medium","0.09","159.31","60","2162","Brenda Jain","Hon Non-Folding Utility Tables","0.55","United States","Sharon","5/20/2015","5/22/2015","77.0008954000001","true","41","6173.42","90387"
"23774","Medium","0.06","55.99","5","2162","Brenda Jain","Accessory36","0.83","United States","Sharon","5/20/2015","5/22/2015","27.9686","true","33","1553.7","90387"
"22450","Not Specified","0.01","5.38","7.57","2164","Harry Sellers","Acco PRESSTEX® Data Binder with Storage Hooks, Dark Blue, 9 1/2"" X 11""","0.36","United States","Pasadena","1/9/2015","1/10/2015","-66.77958","false","3","18.68","88794"
"22451","Not Specified","0.05","3.28","3.97","2164","Harry Sellers","Newell 337","0.56","United States","Pasadena","1/9/2015","1/9/2015","-144.9188","false","11","36.3","88794"
"22449","Not Specified","0.09","2.78","0.97","2165","Melanie Knight","Newell 339","0.59","United States","Augusta","1/9/2015","1/11/2015","-5.0716","false","6","16.03","88794"
"20980","Medium","0.08","2.94","0.96","2178","Judy Hall","Newell 343","0.58","United States","Worcester","1/27/2015","1/29/2015","-1.18","false","9","25.35","89465"
"26331","Not Specified","0","1.48","0.7","2183","Sheryl Reese","Binder Clips by OIC","0.37","United States","Owensboro","6/15/2015","6/17/2015","-203.098","false","12","19.32","91571"
"19008","High","0.09","16.98","12.39","2187","Joanne Spivey","Brown Kraft Recycled Envelopes","0.35","United States","Independence","5/8/2015","5/10/2015","-48.57","false","5","86.8","89440"
"1008","High","0.09","16.98","12.39","2189","Frank Cross","Brown Kraft Recycled Envelopes","0.35","United States","New York City","5/8/2015","5/10/2015","-48.57","false","22","381.91","7364"
"5870","Critical","0.05","16.98","7.78","2190","Marvin Patrick","Stanley Bostitch Contemporary Electric Pencil Sharpeners","0.57","United States","Detroit","2/14/2015","2/16/2015","-47.28","false","45","761.67","41636"
"5871","Critical","0.03","115.99","4.23","2190","Marvin Patrick","282","0.56","United States","Detroit","2/14/2015","2/16/2015","722.241","true","49","5014.07","41636"
"23870","Critical","0.05","16.98","7.78","2193","Donald Melton","Stanley Bostitch Contemporary Electric Pencil Sharpeners","0.57","United States","New Bern","2/14/2015","2/16/2015","-161","false","11","186.19","90685"
"23871","Critical","0.03","115.99","4.23","2193","Donald Melton","282","0.56","United States","New Bern","2/14/2015","2/16/2015","848.3646","true","12","1227.94","90685"
"19112","Medium","0.03","27.48","4","2196","Gene Heath Cross","Belkin MediaBoard 104- Keyboard","0.75","United States","Jamestown","4/7/2015","4/8/2015","-88.8408","false","11","294.97","89175"
"19113","Medium","0.1","179.99","19.99","2196","Gene Heath Cross","Motorola SB4200 Cable Modem","0.48","United States","Jamestown","4/7/2015","4/8/2015","1208.9904","true","14","2458.05","89175"
"19114","Medium","0.1","140.85","19.99","2196","Gene Heath Cross","Fellowes Strictly Business® Drawer File, Letter/Legal Size","0.73","United States","Jamestown","4/7/2015","4/9/2015","9.9912","true","19","2465.75","89175"
"23300","Critical","0.08","100.97","7.18","2197","Karen O'Donnell","Gyration Ultra Cordless Optical Suite","0.46","United States","Levittown","6/26/2015","6/27/2015","126.225","true","7","650.25","89176"
"23301","Critical","0","13.4","4.95","2197","Karen O'Donnell","Electrix 20W Halogen Replacement Bulb for Zoom-In Desk Lamp","0.37","United States","Levittown","6/26/2015","6/27/2015","187.7628","true","19","272.12","89176"
"26083","Not Specified","0.03","25.98","4.08","2198","Lester Woodward Maynard","Boston 1799 Powerhouse™ Electric Pencil Sharpener","0.57","United States","Lindenhurst","5/22/2015","5/25/2015","295.9065","true","16","428.85","89174"
"26084","Not Specified","0.1","20.98","53.03","2198","Lester Woodward Maynard","Tennsco Lockers, Gray","0.78","United States","Lindenhurst","5/22/2015","5/22/2015","-2111.36","false","16","342.54","89174"
"20234","Critical","0.17","14.89","13.56","2201","David Hoyle","Tensor Computer Mounted Lamp","0.58","United States","Bloomington","3/25/2015","3/27/2015","-9.13","false","1","27.96","86054"
"22259","Low","0.09","160.98","30","2202","Laurie Howe","Office Star - Mid Back Dual function Ergonomic High Back Chair with 2-Way Adjustable Arms","0.62","United States","Brooklyn Center","1/31/2015","1/31/2015","357.428","true","11","1635.38","86050"
"22260","Low","0.09","6.3","0.5","2202","Laurie Howe","Avery 51","0.39","United States","Brooklyn Center","1/31/2015","1/31/2015","40.3512","true","10","58.48","86050"
"22261","Low","0","4.98","0.8","2202","Laurie Howe","Rediform S.O.S. Phone Message Books","0.36","United States","Brooklyn Center","1/31/2015","2/7/2015","27.6345","true","8","40.05","86050"
"23919","Low","0.08","145.45","17.85","2203","Eddie Walker","Panasonic KX-P1150 Dot Matrix Printer","0.56","United States","Brooklyn Park","2/4/2015","2/4/2015","751.58","true","8","1117.66","86051"
"22595","Critical","0.03","399.98","12.06","2203","Eddie Walker","Okidata ML320 Series Turbo Dot Matrix Printers","0.56","United States","Brooklyn Park","1/4/2015","1/6/2015","-663.5142","false","2","807","86052"
"23920","Low","0.07","33.94","19.19","2204","Oscar Ford","Metal Folding Chairs, Beige, 4/Carton","0.58","United States","Burnsville","2/4/2015","2/8/2015","-157.56","false","5","169.46","86051"
"24434","Critical","0.04","296.18","154.12","2204","Oscar Ford","Hon 94000 Series Round Tables","0.76","United States","Burnsville","2/10/2015","2/11/2015","-87.99804","false","20","5768.12","86053"
"18164","High","0.03","28.48","1.99","2206","Bobby Powell","Memorex 4.7GB DVD+RW, 3/Pack","0.4","United States","Fort Dodge","1/5/2015","1/6/2015","-35.2904","false","2","55.25","86258"
"18165","High","0.01","205.99","5.99","2206","Bobby Powell","3285","0.59","United States","Fort Dodge","1/5/2015","1/7/2015","-74.8836","false","3","551.22","86258"
"23317","Low","0.06","6.98","1.6","2209","Sharon Thomas","Adams Phone Message Book, Professional, 400 Message Capacity, 5 3/6” x 11”","0.38","United States","College Park","1/22/2015","1/29/2015","-98.056","false","12","83.93","88030"
"19914","Not Specified","0.08","95.99","35","2211","Anita Hahn","Safco Industrial Wire Shelving","","United States","Bowie","1/1/2015","1/3/2015","-425.2084","false","2","193.88","88028"
"24756","High","0.09","199.99","24.49","2212","Stacy Chang","Canon PC-428 Personal Copier","0.46","United States","Catonsville","4/19/2015","4/21/2015","631.33","true","5","990.25","88029"
"23512","Low","0.07","3.28","3.97","2215","Christopher High","Newell 337","0.56","United States","Massillon","6/23/2015","6/23/2015","-22.176","false","4","14.76","90314"
"23513","Low","0.02","256.99","11.25","2216","Clara Kaplan","Hayes Optima 56K V.90 Internal Voice Modem","0.51","United States","Medina","6/23/2015","6/30/2015","-214.104","false","3","808.44","90314"
"23514","Low","0.01","6.48","5.14","2216","Clara Kaplan","Xerox 23","0.37","United States","Medina","6/23/2015","6/25/2015","-26.936","false","10","67.41","90314"
"22712","Low","0.09","14.2","5.3","2220","Jennifer Stanton","Coloredge Poster Frame","0.46","United States","Winter Garden","2/28/2015","3/1/2015","-324.73","false","4","55.08","91036"
"24113","Critical","0","100.89","42","2225","Sean McKenna","Office Star Flex Back Scooter Chair with Aluminum Finish Frame","0.61","United States","Hobbs","2/21/2015","2/22/2015","1500.12","true","15","1608.11","89970"
"18820","Low","0.01","13.43","5.5","2240","Maurice Kelly","Fellowes Personal Hanging Folder Files, Navy","0.57","United States","Lakeland","4/6/2015","4/13/2015","-313.0218","false","7","99.75","89102"
"24121","Low","0","2.08","5.33","2250","Alvin Hoover","Eldon® Wave Desk Accessories","0.43","United States","State College","4/13/2015","4/20/2015","-192.5532","false","22","51.41","86699"
"25440","Low","0.1","6.3","0.5","2254","Jeff Meadows","Avery 48","0.39","United States","Paducah","1/27/2015","2/1/2015","-464.282","false","12","68.72","89278"
"20639","High","0.1","48.91","5.97","2254","Jeff Meadows","Xerox 1917","0.38","United States","Paducah","4/28/2015","4/30/2015","156.7434","true","14","618.96","89279"
"20640","High","0.08","5.98","5.46","2254","Jeff Meadows","Xerox 1983","0.36","United States","Paducah","4/28/2015","4/28/2015","110.118","true","13","77.54","89279"
"19054","Critical","0.07","60.97","4.5","2256","Lloyd Levin","Tripp Lite Isotel 6 Outlet Surge Protector with Fax/Modem Protection","0.56","United States","New Bern","1/2/2015","1/4/2015","-42.588","false","6","361.72","87963"
"18652","Medium","0.07","70.98","30","2256","Lloyd Levin","Novimex Turbo Task Chair","0.73","United States","New Bern","3/24/2015","3/26/2015","-222.95","false","20","1373.47","87964"
"21937","High","0.06","6.68","6.93","2257","Bernard Thompson","HP Office Paper (20Lb. and 87 Bright)","0.37","United States","Raleigh","6/12/2015","6/13/2015","7.6245","true","14","91.92","87965"
"26361","Low","0.01","7.64","1.39","2258","Nicole Pope","#10- 4 1/8"" x 9 1/2"" Security-Tint Envelopes","0.36","United States","Rocky Mount","3/9/2015","3/13/2015","-1676.612","false","9","73.29","87962"
"26362","Low","0.07","400.97","48.26","2258","Nicole Pope","Hewlett-Packard Deskjet 1220Cse Color Inkjet Printer","0.36","United States","Rocky Mount","3/9/2015","3/13/2015","45.1278","true","8","2961.32","87962"
"20187","Critical","0.02","4.98","0.49","2260","Geoffrey H Wong","Avery White Multi-Purpose Labels","0.39","United States","Rome","2/15/2015","2/16/2015","-52.864","false","17","87.11","89601"
"20188","Critical","0.01","20.99","0.99","2260","Geoffrey H Wong","Accessory15","0.83","United States","Rome","2/15/2015","2/16/2015","45.378","true","9","170.46","89601"
"19569","High","0.08","4.98","0.49","2260","Geoffrey H Wong","Avery White Multi-Purpose Labels","0.39","United States","Rome","4/21/2015","4/22/2015","4949.916","true","1","4.95","89602"
"19570","High","0.09","119.99","14","2260","Geoffrey H Wong","Epson C82 Color Inkjet Printer","0.36","United States","Rome","4/21/2015","4/23/2015","1055.604","true","4","461.24","89602"
"18142","Not Specified","0.09","207.48","0.99","2264","Helen Dickerson","Kensington 7 Outlet MasterPiece Power Center with Fax/Phone Line Protection","0.55","United States","Joplin","1/26/2015","1/29/2015","359.83","true","3","577.75","86611"
"19171","Critical","0.1","7.45","6.28","2265","James Davenport","Acco Four Pocket Poly Ring Binder with Label Holder, Smoke, 1""","0.4","United States","Kansas City","1/29/2015","2/1/2015","-69.874","false","8","59.4","86612"
"19172","Critical","0.01","6.48","7.86","2265","James Davenport","Xerox 213","0.37","United States","Kansas City","1/29/2015","1/31/2015","-135.74","false","10","66.46","86612"
"25996","Critical","0.02","11.33","6.12","2266","Brandon Beach","Holmes Replacement Filter for HEPA Air Cleaner, Medium Room","0.42","United States","Kirkwood","5/26/2015","5/28/2015","-14.52","false","3","35.35","86610"
"25997","Critical","0.01","15.67","1.39","2266","Brandon Beach","#10 White Business Envelopes,4 1/8 x 9 1/2","0.38","United States","Kirkwood","5/26/2015","5/27/2015","171.2649","true","16","248.21","86610"
"19072","Low","0.08","259.71","66.67","2268","Carlos Adkins","Bevis Round Bullnose 29"" High Table Top","0.61","United States","Land O Lakes","6/3/2015","6/7/2015","138.222","true","17","4086.5","89571"
"23963","Low","0.01","20.48","6.32","2270","Kristine Holden","Kensington 6 Outlet Guardian Standard Surge Protector","0.58","United States","Mauldin","2/6/2015","2/8/2015","711.2448","true","18","375.03","89572"
"23964","Low","0.09","1.86","2.58","2270","Kristine Holden","Super Bands, 12/Pack","0.82","United States","Mauldin","2/6/2015","2/11/2015","-1084.8469632","false","12","22.11","89572"
"23965","Low","0.08","205.99","2.5","2270","Kristine Holden","V70","0.59","United States","Mauldin","2/6/2015","2/11/2015","-156.772","false","17","2875.35","89572"
"19438","High","0.08","15.73","7.42","2272","Brett Ingram","Acme Galleria® Hot Forged Steel Scissors with Colored Handles","0.56","United States","Harker Heights","3/16/2015","3/18/2015","-37.6","false","5","78.08","90110"
"23416","Low","0.04","120.98","3.99","2273","Debra Block","Belkin 325VA UPS Surge Protector, 6'","0.6","United States","Harlingen","5/5/2015","5/5/2015","1389.5772","true","17","2013.88","90109"
"23417","Low","0.02","55.99","5","2273","Debra Block","Accessory36","0.83","United States","Harlingen","5/5/2015","5/5/2015","-222.816","false","4","201.32","90109"
"23418","Low","0.05","23.99","15.68","2274","Marlene Harrison","Westinghouse Floor Lamp with Metal Mesh Shade, Black","0.62","United States","Houston","5/5/2015","5/9/2015","-133.71","false","12","298.51","90109"
"24552","Not Specified","0.01","195.99","8.99","2276","Dennis Block Richardson","T28 WORLD","0.6","United States","Niagara Falls","6/30/2015","6/30/2015","2653.7814","true","22","3846.06","91502"
"23572","Low","0.04","4.48","2.5","2279","Lucille McGee","Ampad #10 Peel & Seel® Holiday Envelopes","0.37","United States","Greensburg","6/22/2015","6/26/2015","10.32","true","7","35.93","85949"
"19615","Not Specified","0.08","205.99","2.5","2281","Monica Harvey","V70","0.59","United States","Eau Claire","1/27/2015","1/28/2015","997.38144","true","10","1610.84","85948"
"21260","Medium","0.04","5.98","5.79","2282","Jimmy Waters","Xerox 1903","0.36","United States","Fitchburg","2/5/2015","2/7/2015","-36.0308","false","14","86.12","85950"
"26148","Medium","0.01","11.7","6.96","2283","Nancy Holden","Harmony HEPA Quiet Air Purifiers","0.5","United States","Franklin","1/24/2015","1/26/2015","-28.954","false","6","76.87","85947"
"19460","Medium","0.02","17.7","9.47","2285","Arnold Floyd Blair","Portfile® Personal File Boxes","0.59","United States","Rock Hill","3/13/2015","3/15/2015","-85.022","false","21","374.6","90148"
"21529","Medium","0","4.91","0.5","2286","Larry Langston","Avery 493","0.36","United States","Spartanburg","2/4/2015","2/6/2015","99.198","true","12","61.87","90145"
"21530","Medium","0.01","7.28","11.15","2286","Larry Langston","Array® Parchment Paper, Assorted Colors","0.37","United States","Spartanburg","2/4/2015","2/5/2015","136.0314","true","6","48.88","90145"
"21531","Medium","0.1","6.68","6.93","2286","Larry Langston","HP Office Paper (20Lb. and 87 Bright)","0.37","United States","Spartanburg","2/4/2015","2/7/2015","-100.072","false","3","21.56","90145"
"25183","Not Specified","0.01","18.97","9.03","2287","Samuel Newman","Computer Printout Paper with Letter-Trim Perforations","0.37","United States","Summerville","3/25/2015","3/25/2015","-12.0267","false","8","164.67","90146"
"25184","Not Specified","0.03","12.28","4.86","2287","Samuel Newman","Xerox 1933","0.38","United States","Summerville","3/25/2015","3/26/2015","122.508","true","6","72.74","90146"
"25185","Not Specified","0.05","34.99","7.73","2287","Samuel Newman","Hunt Boston® Vacuum Mount KS Pencil Sharpener","0.59","United States","Summerville","3/25/2015","3/27/2015","-12.0267","false","12","418.75","90146"
"24396","Low","0.1","54.1","19.99","2287","Samuel Newman","Desktop 3-Pocket Hot File®","0.59","United States","Summerville","2/19/2015","2/24/2015","34.068","true","9","469.59","90147"
"19243","Critical","0.01","7.59","4","2289","Ryan Herman","Master Giant Foot® Doorstop, Safety Yellow","0.42","United States","Burnsville","5/4/2015","5/4/2015","2.97","true","17","136.25","88165"
"21334","Not Specified","0","42.98","4.62","2290","Glen Robertson","Belkin F9M820V08 8 Outlet Surge","0.56","United States","Coon Rapids","1/6/2015","1/8/2015","385.3029","true","12","558.41","88163"
"21335","Not Specified","0.03","21.78","5.94","2290","Glen Robertson","Holmes HEPA Air Purifier","0.5","United States","Coon Rapids","1/6/2015","1/8/2015","187.2","true","13","290.22","88163"
"19723","Medium","0.07","80.98","7.18","2290","Glen Robertson","Logitech Cordless Navigator Duo","0.48","United States","Coon Rapids","2/4/2015","2/6/2015","779.4723","true","15","1129.67","88164"
"24673","Critical","0.07","270.98","50","2302","Beth Dolan","Global Enterprise Series Seating High-Back Swivel/Tilt Chairs","0.77","United States","Panama City","2/11/2015","2/13/2015","27.726","true","9","2439.37","87695"
"23344","High","0.1","12.53","0.49","2302","Beth Dolan","Round Specialty Laser Printer Labels","0.38","United States","Panama City","1/3/2015","1/4/2015","244.464","true","8","92.02","87696"
"23345","High","0.1","146.34","43.75","2302","Beth Dolan","Bevis Round Conference Table Top & Single Column Base","0.64","United States","Panama City","1/3/2015","1/4/2015","-473.578","false","2","283.55","87696"
"6673","Critical","0.07","270.98","50","2303","Joe Baldwin","Global Enterprise Series Seating High-Back Swivel/Tilt Chairs","0.77","United States","New York City","2/11/2015","2/13/2015","-96.05","false","36","9757.48","47493"
"5345","High","0.1","146.34","43.75","2303","Joe Baldwin","Bevis Round Conference Table Top & Single Column Base","0.64","United States","New York City","1/3/2015","1/4/2015","-270.85","false","6","850.64","37987"
"19934","High","0","90.48","19.99","2305","Pat Kinney","Tyvek® Side-Opening Peel & Seel® Expanding Envelopes","0.4","United States","Watertown","6/21/2015","6/24/2015","800.2551","true","12","1159.79","89869"
"23313","Low","0.08","9.48","7.29","2308","Laurence Cummings","DAX Two-Tone Rosewood/Black Document Frame, Desktop, 5 x 7","0.45","United States","Lehigh Acres","3/24/2015","3/26/2015","-50.4","false","2","20.22","90557"
"23314","Low","0.03","193.17","19.99","2308","Laurence Cummings","Fellowes Staxonsteel® Drawer Files","0.71","United States","Lehigh Acres","3/24/2015","3/28/2015","-348.754","false","8","1548.97","90557"
"26048","High","0.08","68.81","60","2323","Emma Buckley","Holmes Replacement Filter for HEPA Air Cleaner, Very Large Room, HEPA Filter","0.41","United States","Coachella","3/16/2015","3/17/2015","-550.43","false","5","337.86","88721"
"26049","High","0.04","21.38","8.99","2323","Emma Buckley","Boston 1730 StandUp Electric Pencil Sharpener","0.59","United States","Coachella","3/16/2015","3/18/2015","-52.12","false","4","84.21","88721"
"23053","Not Specified","0.06","4.98","4.62","2323","Emma Buckley","Imation 3.5"", DISKETTE 44766 HGHLD3.52HD/FM, 10/Pack","0.64","United States","Coachella","6/19/2015","6/19/2015","-27.005","false","7","38.74","88722"
"25456","Medium","0.06","28.53","1.49","2330","Kara Foster","Lock-Up Easel 'Spel-Binder'","0.38","United States","Marion","3/24/2015","3/27/2015","74.6385","true","5","134.09","90964"
"19441","High","0.06","180.98","26.2","2333","Megan Woods","Global Ergonomic Managers Chair","0.59","United States","Green Bay","6/23/2015","6/24/2015","-122.235","false","1","191.73","89611"
"23721","Low","0.06","60.65","12.23","2334","Stephanie Hawkins","Tenex Traditional Chairmats for Medium Pile Carpet, Standard Lip, 36"" x 48""","0.64","United States","Greenfield","4/6/2015","4/8/2015","427.0065","true","10","618.85","89608"
"23693","Not Specified","0.05","14.81","13.32","2334","Stephanie Hawkins","Holmes Replacement Filter for HEPA Air Cleaner, Large Room","0.43","United States","Greenfield","4/9/2015","4/11/2015","-190.49","false","8","115.99","89609"
"23694","Not Specified","0.08","2.78","1.25","2334","Stephanie Hawkins","Newell 318","0.59","United States","Greenfield","4/9/2015","4/10/2015","-8.77","false","7","19.46","89609"
"24952","Low","0.06","3.74","0.94","2334","Stephanie Hawkins","Rubber Band Ball","0.83","United States","Greenfield","6/2/2015","6/9/2015","-7.685","false","12","44.75","89610"
"25241","Critical","0.06","2.08","5.33","2338","Lynn Hines","Eldon® Wave Desk Accessories","0.43","United States","College Park","1/13/2015","1/13/2015","-82.5592","false","4","9.23","91480"
"26137","High","0.1","6.75","2.99","2338","Lynn Hines","Wilson Jones DublLock® D-Ring Binders","0.35","United States","College Park","3/29/2015","3/29/2015","18.1475","true","15","96.13","91481"
"22526","Medium","0.05","11.58","6.97","2339","Gordon Boswell","Peel & Seel® Recycled Catalog Envelopes, Brown","0.35","United States","Cloverleaf","5/25/2015","5/28/2015","2.806","true","6","73.96","91482"
"19052","Medium","0.07","200.98","23.76","2345","Colleen Marsh","Global Leather Highback Executive Chair with Pneumatic Height Adjustment, Black","0.58","United States","Paducah","3/14/2015","3/15/2015","-132.426","false","9","1805.9","89504"
"19053","Medium","0.02","179.29","29.21","2345","Colleen Marsh","Bevis Round Conference Table Top, X-Base","0.76","United States","Paducah","3/14/2015","3/14/2015","-411.236","false","2","311.41","89504"
"20776","Low","0.03","297.64","14.7","2346","Sylvia Kumar","Panasonic KX-P3200 Dot Matrix Printer","0.57","United States","Pleasure Ridge Park","1/10/2015","1/15/2015","-48.972","false","12","3707.05","89503"
"21627","High","0.1","218.75","69.64","2346","Sylvia Kumar","BoxOffice By Design Rectangular and Half-Moon Meeting Room Tables","0.77","United States","Pleasure Ridge Park","5/20/2015","5/21/2015","62.298","true","17","2805.18","89505"
"18675","Critical","0.08","6.48","7.49","2351","Faye Silver","Xerox 220","0.37","United States","Crofton","3/30/2015","4/2/2015","-119.32","false","13","80.86","86163"
"20904","Critical","0.06","59.76","9.71","2352","Kerry Beach","Advantus 10-Drawer Portable Organizer, Chrome Metal Frame, Smoke Drawers","0.57","United States","Cumberland","6/20/2015","6/23/2015","756.6747","true","18","1096.63","86165"
"20905","Critical","0.07","195.99","4.2","2352","Kerry Beach","T65","0.56","United States","Cumberland","6/20/2015","6/23/2015","-222.343","false","4","632.12","86165"
"19270","Not Specified","0.09","71.37","69","2352","Kerry Beach","Lesro Sheffield Collection Coffee Table, End Table, Center Table, Corner Table","0.68","United States","Cumberland","6/23/2015","6/24/2015","-1537.1356","false","19","1302.98","86166"
"25338","Critical","0.04","5.98","0.96","2353","Patrick Lowry","Newell 315","0.6","United States","Edgewood","4/29/2015","4/30/2015","52.6976","true","22","131.79","86164"
"25339","Critical","0.01","20.99","0.99","2353","Patrick Lowry","Accessory25","0.57","United States","Edgewood","4/29/2015","4/30/2015","-78.19416","false","2","35.33","86164"
"22649","Not Specified","0.1","78.69","19.99","2355","Clyde Burnett","Howard Miller 12-3/4 Diameter Accuwave DS ™ Wall Clock","0.43","United States","Coachella","2/15/2015","2/16/2015","465.4395","true","9","674.55","91304"
"21511","Medium","0.06","146.34","43.75","2355","Clyde Burnett","Bevis Round Conference Table Top & Single Column Base","0.65","United States","Coachella","6/16/2015","6/18/2015","-89.27","false","12","1721.24","91306"
"24526","Medium","0","29.34","7.87","2356","Emma Bloom","Seth Thomas 14"" Putty-Colored Wall Clock","0.54","United States","Rock Springs","3/15/2015","3/17/2015","385.37","true","22","668.38","91305"
"20798","Low","0.1","205.99","8.99","2358","Danielle Baird","TimeportP7382","0.56","United States","Fort Lauderdale","3/4/2015","3/8/2015","147","true","2","324.62","88267"
"18892","Critical","0.05","2.08","2.56","2358","Danielle Baird","Kleencut® Forged Office Shears by Acme United Corporation","0.55","United States","Fort Lauderdale","2/14/2015","2/16/2015","-1045.016","false","19","40.93","88268"
"21772","Critical","0","7.28","1.77","2359","Annie Horne","Post-it® “Important Message” Note Pad, Neon Colors, 50 Sheets/Pad","0.37","United States","Fort Myers","2/5/2015","2/5/2015","167.16","true","7","53.42","88265"
"24890","High","0.06","8.33","1.99","2361","Vincent Daniel","80 Minute Slim Jewel Case CD-R , 10/Pack - Staples","0.52","United States","Fruit Cove","2/25/2015","2/26/2015","-344.82","false","1","8.49","88266"
"19369","High","0","5.77","5.92","2363","Jacob Murray","DAX Cubicle Frames - 8x10","0.55","United States","Medina","4/11/2015","4/13/2015","-61.5276","false","11","69.89","90040"
"21582","Low","0.07","5.98","5.79","2369","Mike G Hartman","Xerox 1903","0.36","United States","Pembroke Pines","1/13/2015","1/15/2015","-41.9727","false","13","77.42","90408"
"21988","Medium","0.01","1.76","0.7","2372","Marvin Parrott","Newell 310","0.56","United States","Duluth","3/15/2015","3/16/2015","-1.56","false","4","7.2","90714"
"22827","High","0.05","3.28","3.97","2376","Debra Batchelor","Newell 342","0.56","United States","Moscow","3/5/2015","3/6/2015","-100.24","false","18","61.29","91321"
"22828","High","0.03","6.98","9.69","2376","Debra Batchelor","Eldon Shelf Savers™ Cubes and Bins","0.83","United States","Moscow","3/5/2015","3/7/2015","-262.62","false","15","109.15","91321"
"18151","Low","0.06","122.99","19.99","2379","Mildred Briggs","GBC Therma-A-Bind 250T Electric Binding System","0.37","United States","Garden City","5/5/2015","5/7/2015","1019.7096","true","12","1477.84","86655"
"19898","Not Specified","0.07","3.38","0.85","2380","Lisa Branch","Avery Hi-Liter® Fluorescent Desk Style Markers","0.48","United States","Grand Rapids","4/26/2015","4/28/2015","19.04","true","9","29.08","86654"
"18152","Low","0.08","68.81","60","2380","Lisa Branch","Holmes Replacement Filter for HEPA Air Cleaner, Very Large Room, HEPA Filter","0.41","United States","Grand Rapids","5/5/2015","5/7/2015","-1069.72","false","17","1162.46","86655"
"1898","Not Specified","0.07","3.38","0.85","2382","Geoffrey Saunders","Avery Hi-Liter® Fluorescent Desk Style Markers","0.48","United States","New York City","4/26/2015","4/28/2015","19.04","true","34","109.86","13606"
"151","Low","0.06","122.99","19.99","2382","Geoffrey Saunders","GBC Therma-A-Bind 250T Electric Binding System","0.37","United States","New York City","5/5/2015","5/7/2015","1408.1865","true","48","5911.35","962"
"152","Low","0.08","68.81","60","2382","Geoffrey Saunders","Holmes Replacement Filter for HEPA Air Cleaner, Very Large Room, HEPA Filter","0.41","United States","New York City","5/5/2015","5/7/2015","-1069.72","false","68","4649.85","962"
"21171","Critical","0.1","130.98","30","2385","Janice Frye","Office Star - Contemporary Task Swivel chair with 2-way adjustable arms, Plum","0.78","United States","Las Cruces","5/22/2015","5/24/2015","2000.11","true","18","2259.99","89184"
"23557","Not Specified","0.06","4.77","2.39","2391","Jacob McNeill","Imation Primaris 3.5"" 2HD Unformatted Diskettes, 10/Pack","0.72","United States","Oceanside","5/25/2015","5/26/2015","-45.64","false","9","42.46","91122"
"23558","Not Specified","0.1","27.18","8.23","2391","Jacob McNeill","Tyvek ® Top-Opening Peel & Seel Envelopes, Plain White","0.38","United States","Oceanside","5/25/2015","5/27/2015","204.49","true","12","314.06","91122"
"21462","Not Specified","0","999.99","13.99","2391","Jacob McNeill","Polycom Soundstation EX Audio-Conferencing Telephone, Black","0.36","United States","Oceanside","6/4/2015","6/6/2015","-1455.9972","false","1","1009.99","91123"
"21463","Not Specified","0.05","6.48","5.14","2391","Jacob McNeill","Xerox 23","0.37","United States","Oceanside","6/4/2015","6/5/2015","-22.56","false","13","92.16","91123"
"18277","Medium","0.02","6.48","7.91","2393","Debbie Dillon","Xerox 216","0.37","United States","Roswell","5/29/2015","5/31/2015","-1191.526","false","2","16.5","86950"
"18197","High","0.06","105.29","10.12","2393","Debbie Dillon","Eldon Antistatic Chair Mats for Low to Medium Pile Carpets","0.79","United States","Roswell","1/4/2015","1/6/2015","-45.01","false","12","1202.66","86951"
"20197","Critical","0.01","11.7","5.63","2394","Tina Monroe","Fellowes Binding Cases","0.4","United States","Sandy Springs","5/1/2015","5/3/2015","39.21","true","16","196.69","86949"
"20198","Critical","0.03","4.55","1.49","2394","Tina Monroe","Presstex Flexible Ring Binders","0.35","United States","Sandy Springs","5/1/2015","5/1/2015","100.38","true","9","40.28","86949"
"24954","Not Specified","0.04","60.97","4.5","2395","Beverly Roberts","Tripp Lite Isotel 6 Outlet Surge Protector with Fax/Modem Protection","0.56","United States","Savannah","3/23/2015","3/24/2015","79.4232","true","15","904.31","86952"
"22369","Not Specified","0.03","7.64","5.83","2398","Julian F Wolfe","Rediform Wirebound ""Phone Memo"" Message Book, 11 x 5-3/4","0.36","United States","Hanover Park","2/24/2015","2/26/2015","-15.0904","false","12","96.86","86373"
"19001","Medium","0","65.99","3.99","2417","Ken H Frazier","StarTAC 7760","0.59","United States","Oakton","3/14/2015","3/15/2015","-60.564","false","13","765.65","86754"
"20325","Critical","0.03","2.1","0.7","2418","Kyle Fink","Sanford EarthWrite® Recycled Pencils, Medium Soft, #2","0.57","United States","Petersburg","1/6/2015","1/7/2015","-1473.906","false","4","8.72","86750"
"21724","High","0.1","599.99","24.49","2418","Kyle Fink","Canon PC1080F Personal Copier","0.5","United States","Petersburg","1/10/2015","1/11/2015","-343.126","false","11","6355.69","86753"
"21725","High","0.06","2.78","1.25","2418","Kyle Fink","Newell 318","0.59","United States","Petersburg","1/10/2015","1/12/2015","66.36","true","10","28.09","86753"
"22376","Not Specified","0.07","225.04","11.79","2419","Sandra Faulkner","Holmes Harmony HEPA Air Purifier for 17 x 20 Room","0.42","United States","Portsmouth","3/26/2015","3/26/2015","-162.918","false","5","1130.15","86751"
"22377","Not Specified","0.03","7.84","4.71","2419","Sandra Faulkner","XtraLife® ClearVue™ Slant-D® Ring Binders by Cardinal","0.35","United States","Portsmouth","3/26/2015","3/29/2015","859.7178","true","7","54.37","86751"
"25271","High","0.04","9.11","2.15","2420","Wesley Cho","Black Print Carbonless Snap-Off® Rapid Letter, 8 1/2"" x 7""","0.4","United States","Richmond","5/6/2015","5/6/2015","-23.072","false","11","100.87","86752"
"18802","Not Specified","0.05","150.98","43.71","2422","Arlene Wiggins Dalton","Global Airflow Leather Mesh Back Chair, Black","0.55","United States","Huntsville","5/24/2015","5/25/2015","650.3","true","12","1857.08","89053"
"19817","Medium","0.09","3.89","7.01","2422","Arlene Wiggins Dalton","Avery Binder Labels","0.37","United States","Huntsville","1/22/2015","1/24/2015","-154.307","false","10","42.56","89055"
"25126","Low","0.04","100.98","7.18","2423","Nicholas Wallace","Logitech Cordless Elite Duo","0.4","United States","Hurst","1/21/2015","1/26/2015","269.94","true","4","414.91","89054"
"21761","High","0.08","30.93","3.92","2426","Dorothy Holt","Advantus Employee of the Month Certificate Frame, 11 x 13-1/2","0.44","United States","Irving","3/15/2015","3/16/2015","63.0591","true","3","91.39","90859"
"20496","Low","0.08","4.48","49","2426","Dorothy Holt","Hoover Portapower™ Portable Vacuum","0.6","United States","Irving","5/2/2015","5/2/2015","139.5801","true","37","202.29","90861"
"20497","Low","0","17.67","8.99","2426","Dorothy Holt","Executive Impressions 12"" Wall Clock","0.47","United States","Irving","5/2/2015","5/9/2015","109.67","true","9","168.71","90861"
"23729","High","0.03","40.99","19.99","2427","John Merritt","White Dual Perf Computer Printout Paper, 2700 Sheets, 1 Part, Heavyweight, 20 lbs., 14 7/8 x 11","0.36","United States","Keller","2/17/2015","2/18/2015","395.308","true","21","885.65","90860"
"22562","Not Specified","0.1","14.28","2.99","2430","Kimberly Reilly","Avery Premier Heavy-Duty Binder with Round Locking Rings","0.39","United States","Killeen","3/24/2015","3/25/2015","104.9145","true","11","152.05","91108"
"22105","Not Specified","0.04","7.08","2.35","2430","Kimberly Reilly","SANFORD Major Accent™ Highlighters","0.47","United States","Killeen","4/10/2015","4/11/2015","24.59","true","7","49.1","91109"
"20731","Low","0.03","140.99","4.2","2430","Kimberly Reilly","7160","0.59","United States","Killeen","3/29/2015","4/6/2015","-458.744","false","2","246.44","91110"
"3490","Not Specified","0.05","8.85","5.6","2431","Troy Cassidy","GBC Standard Plastic Binding Systems Combs","0.36","United States","Los Angeles","6/10/2015","6/11/2015","-9.177","false","21","199.08","24869"
"819","High","0.07","155.06","7.07","2431","Troy Cassidy","Dual Level, Single-Width Filing Carts","0.59","United States","Los Angeles","5/19/2015","5/19/2015","-121.75","false","14","2039.07","5920"
"18819","High","0.07","155.06","7.07","2432","Lindsay Tate","Dual Level, Single-Width Filing Carts","0.59","United States","Midwest City","5/19/2015","5/19/2015","24.35","true","3","436.94","89096"
"20286","Not Specified","0.09","5.4","7.78","2432","Lindsay Tate","3M Organizer Strips","0.37","United States","Midwest City","6/6/2015","6/8/2015","-34.7645","false","6","37.38","89097"
"21490","Not Specified","0.05","8.85","5.6","2433","Debra P May","GBC Standard Plastic Binding Systems Combs","0.36","United States","Moore","6/10/2015","6/11/2015","-7.3416","false","5","47.4","89095"
"19566","Low","0.09","90.97","14","2437","Judith Shepherd","Lexmark Z54se Color Inkjet Printer","0.36","United States","Muskego","3/1/2015","3/3/2015","35.29","true","3","260","90301"
"20157","Medium","0.02","63.94","14.48","2441","Kenneth Capps","Howard Miller 16"" Diameter Gallery Wall Clock","0.46","United States","Melbourne","4/4/2015","4/4/2015","-100.17","false","11","709.7","89300"
"20158","Medium","0.01","5.02","5.14","2442","Natalie Aldridge","Imation 3.5, DISKETTE 44766 HGHLD3.52HD/FM, 10/Pack","0.79","United States","Merritt Island","4/4/2015","4/6/2015","-3.948","false","5","27.42","89300"
"21084","High","0.05","58.1","1.49","2443","Danny Richmond","Avery Arch Ring Binders","0.38","United States","Miami","1/18/2015","1/18/2015","1633.986","true","13","739.06","89299"
"25304","Not Specified","0.06","2.28","5.2","2443","Danny Richmond","Binney & Smith inkTank™ Erasable Pocket Highlighter, Chisel Tip, Yellow","0.41","United States","Miami","6/1/2015","6/3/2015","-2002.6314","false","13","30.47","89301"
"25742","High","0.09","6.48","7.03","2448","Melanie Morrow","Xerox 214","0.37","United States","Edina","6/29/2015","7/1/2015","-126.208","false","16","96.96","87790"
"20687","Not Specified","0.08","4.13","1.17","2450","Tonya Miller","Newell 31","0.57","United States","Janesville","5/23/2015","5/25/2015","-5.54","false","1","4.21","90322"
"21198","Medium","0.06","3499.99","24.49","2454","Donna Braun","Canon imageCLASS 2200 Advanced Copier","0.37","United States","Hoover","3/1/2015","3/4/2015","-68.432","false","1","3550.28","89219"
"25536","High","0.07","179.99","19.99","2456","Joan Beach","Motorola SB4200 Cable Modem","0.48","United States","Mobile","1/22/2015","1/23/2015","733.2822","true","7","1188.63","89218"
"25537","High","0.02","92.23","39.61","2456","Joan Beach","Deflect-o RollaMat Studded, Beveled Mat for Medium Pile Carpeting","0.67","United States","Mobile","1/22/2015","1/23/2015","-905.9904","false","11","1009.93","89218"
"25535","High","0.02","15.22","9.73","2457","Yvonne Collier","GBC Twin Loop™ Wire Binding Elements, 9/16"" Spine, Black","0.36","United States","Lino Lakes","1/22/2015","1/22/2015","-21.63242","false","9","140.7","89218"
"22321","High","0.03","6.48","8.73","2458","Troy Casey","Xerox 227","0.37","United States","Edina","1/3/2015","1/5/2015","-35.04","false","2","15.95","91285"
"21190","Medium","0.05","12.88","4.59","2458","Troy Casey","Martin-Yale Premier Letter Opener","0.82","United States","Edina","5/23/2015","5/25/2015","5.98","true","3","42.35","91286"
"4321","High","0.03","6.48","8.73","2460","Lucille Gibbons","Xerox 227","0.37","United States","New York City","1/3/2015","1/5/2015","-35.04","false","8","63.78","30785"
"4322","High","0.07","9.93","1.09","2460","Lucille Gibbons","Peel-Off® China Markers","0.43","United States","New York City","1/3/2015","1/6/2015","149.53","true","46","451.61","30785"
"25859","High","0.09","1.74","4.08","2464","Joe George","Eldon Regeneration Recycled Desk Accessories, Smoke","0.53","United States","Bossier City","5/11/2015","5/13/2015","608.262","true","4","10.41","88713"
"25860","High","0.08","227.55","32.48","2464","Joe George","Hon Rectangular Conference Tables","0.68","United States","Bossier City","5/11/2015","5/11/2015","-570.1696","false","16","2849.64","88713"
"25807","Not Specified","0.05","6.28","5.36","2464","Joe George","GBC Standard Plastic Binding Systems' Combs","0.4","United States","Bossier City","1/20/2015","1/23/2015","1.278","true","6","38.04","88714"
"25808","Not Specified","0.04","3.08","0.99","2464","Joe George","Avery 481","0.37","United States","Bossier City","1/20/2015","1/21/2015","424.29","true","14","42.53","88714"
"22580","Medium","0.04","2.08","1.49","2466","Gilbert Godfrey","Economy Binders","0.36","United States","Sault Sainte Marie","2/27/2015","2/28/2015","-3.71956","false","7","14.77","88136"
"22582","Medium","0.02","53.98","5.5","2466","Gilbert Godfrey","Nu-Form 106-Key Ergonomic Keyboard w/ Touchpad","0.62","United States","Sault Sainte Marie","2/27/2015","2/28/2015","101.972","true","8","438.33","88136"
"22583","Medium","0.05","4.98","5.02","2466","Gilbert Godfrey","Xerox 1989","0.38","United States","Sault Sainte Marie","2/27/2015","2/27/2015","-16.6348","false","7","38.11","88136"
"19766","Critical","0.09","58.1","1.49","2468","Rhonda Stein","Avery Arch Ring Binders","0.38","United States","Salisbury","4/27/2015","4/29/2015","765.75","true","3","169.46","88135"
"18684","Critical","0.04","65.99","8.99","2468","Rhonda Stein","i270","0.55","United States","Salisbury","3/13/2015","3/14/2015","-335.041","false","13","724.57","88137"
"26057","Low","0.1","4.91","0.5","2472","Ricky Sanders","Avery 493","0.36","United States","Joliet","2/21/2015","2/21/2015","35.2797","true","10","51.13","86514"
"24584","Critical","0.07","5.18","5.74","2481","Kelly Sawyer","Wilson Jones Impact Binders","0.36","United States","Lafayette","4/6/2015","4/8/2015","-188.034","false","14","79.61","91000"
"24568","Medium","0.05","6.48","7.91","2484","Rhonda Bryant","Xerox 216","0.37","United States","Winter Haven","3/13/2015","3/14/2015","322.122","true","16","109.99","88998"
"24569","Medium","0.03","111.03","8.64","2484","Rhonda Bryant","Fellowes Recycled Storage Drawers","0.78","United States","Winter Haven","3/13/2015","3/14/2015","366.54","true","8","900.12","88998"
"22028","High","0.02","71.37","69","2486","Jack Horn","Lesro Sheffield Collection Coffee Table, End Table, Center Table, Corner Table","0.68","United States","Statesboro","2/6/2015","2/7/2015","-439.908","false","4","237.62","91414"
"22029","High","0.03","205.99","8.99","2486","Jack Horn","StarTAC 8000","0.6","United States","Statesboro","2/6/2015","2/8/2015","1087.716","true","1","176.42","91414"
"23495","Low","0","180.98","30","2486","Jack Horn","Office Star - Ergonomic Mid Back Chair with 2-Way Adjustable Arms","0.69","United States","Statesboro","2/3/2015","2/5/2015","9.204","true","11","2084.16","91416"
"23983","Not Specified","0.04","3.08","0.99","2487","Michelle Bryant Phillips","Avery 481","0.37","United States","Tucker","6/20/2015","6/21/2015","257.0832","true","14","43.41","91415"
"23984","Not Specified","0.1","2.78","1.25","2487","Michelle Bryant Phillips","Newell 318","0.59","United States","Tucker","6/20/2015","6/21/2015","0.7854","true","18","46.42","91415"
"24476","Not Specified","0.02","136.98","24.49","2487","Michelle Bryant Phillips","3M Polarizing Task Lamp with Clamp Arm, Light Gray","0.59","United States","Tucker","6/2/2015","6/3/2015","88.56","true","8","1140.95","91417"
"20065","High","0.08","4.91","0.5","2488","Gordon Walker","Avery 493","0.36","United States","Cabot","4/9/2015","4/9/2015","12.726","true","9","42.69","86887"
"20066","High","0.02","28.15","6.17","2488","Gordon Walker","Boston Model 1800 Electric Pencil Sharpener, Gray","0.55","United States","Cabot","4/9/2015","4/10/2015","160.8066","true","11","327.41","86887"
"20602","High","0.01","2036.48","14.7","2489","Craig Liu","Lexmark 4227 Plus Dot Matrix Printer","0.55","United States","Concord","2/11/2015","2/13/2015","-1596.7458","false","2","3786.84","86883"
"21212","Medium","0.04","419.19","19.99","2489","Craig Liu","Smead Adjustable Mobile File Trolley with Lockable Top","0.58","United States","Concord","4/26/2015","4/27/2015","1388.3559","true","5","2012.11","86885"
"21338","Not Specified","0.07","65.99","8.8","2489","Craig Liu","6120","0.58","United States","Concord","1/12/2015","1/12/2015","109.836","true","9","471.66","86886"
"24856","Critical","0.09","348.21","40.19","2490","Pauline Finch","Bretford CR4500 Series Slim Rectangular Table","0.62","United States","Costa Mesa","2/14/2015","2/16/2015","-93.8499999999999","false","2","662.8","86884"
"21339","Not Specified","0","10.01","1.99","2490","Pauline Finch","TDK 4.7GB DVD-R","0.41","United States","Costa Mesa","1/12/2015","1/14/2015","82.7034","true","11","119.86","86886"
"6856","Critical","0.09","348.21","40.19","2491","Sean N Boyer","Bretford CR4500 Series Slim Rectangular Table","0.62","United States","Los Angeles","2/14/2015","2/16/2015","-93.8499999999999","false","8","2651.21","48836"
"1617","Low","0.06","4.28","0.94","2491","Sean N Boyer","Newell 336","0.56","United States","Los Angeles","4/26/2015","4/28/2015","0.369999999999999","true","9","38.96","11712"
"3212","Medium","0.04","419.19","19.99","2491","Sean N Boyer","Smead Adjustable Mobile File Trolley with Lockable Top","0.58","United States","Los Angeles","4/26/2015","4/27/2015","1947.67","true","20","8048.45","23042"
"3338","Not Specified","0.07","65.99","8.8","2491","Sean N Boyer","6120","0.58","United States","Los Angeles","1/12/2015","1/12/2015","109.836","true","37","1939.03","23877"
"3339","Not Specified","0","10.01","1.99","2491","Sean N Boyer","TDK 4.7GB DVD-R","0.41","United States","Los Angeles","1/12/2015","1/14/2015","128.03","true","42","457.63","23877"
"2065","High","0.08","4.91","0.5","2491","Sean N Boyer","Avery 493","0.36","United States","Los Angeles","4/9/2015","4/9/2015","31.752","true","36","170.75","14785"
"2066","High","0.02","28.15","6.17","2491","Sean N Boyer","Boston Model 1800 Electric Pencil Sharpener, Gray","0.55","United States","Los Angeles","4/9/2015","4/10/2015","117.208","true","45","1339.42","14785"
"19617","Low","0.06","4.28","0.94","2495","Maria Block","Newell 336","0.56","United States","Rock Springs","4/26/2015","4/28/2015","0.369999999999999","true","2","8.66","86885"
"2296","Not Specified","0.09","355.98","58.92","2498","Arlene Long","Hon 4700 Series Mobuis™ Mid-Back Task Chairs with Adjustable Arms","0.64","United States","San Diego","2/18/2015","2/20/2015","1240.25","true","30","10554.63","16547"
"2297","Not Specified","0.04","218.75","69.64","2498","Arlene Long","BoxOffice By Design Rectangular and Half-Moon Meeting Room Tables","0.77","United States","San Diego","2/18/2015","2/18/2015","-533.232","false","8","1749.64","16547"
"7628","Medium","0.09","6.28","5.41","2498","Arlene Long","Eldon® 200 Class™ Desk Accessories","0.53","United States","San Diego","2/2/2015","2/4/2015","-61.59","false","56","355.4","54567"
"2768","Not Specified","0.08","1.68","1.57","2498","Arlene Long","Newell 323","0.59","United States","San Diego","2/5/2015","2/6/2015","-46.25","false","88","148.36","20007"
"20296","Not Specified","0.09","355.98","58.92","2499","Geoffrey Koch","Hon 4700 Series Mobuis™ Mid-Back Task Chairs with Adjustable Arms","0.64","United States","Kankakee","2/18/2015","2/20/2015","1240.25","true","8","2814.57","88319"
"25628","Medium","0.09","6.28","5.41","2500","Kevin Smith","Eldon® 200 Class™ Desk Accessories","0.53","United States","Lake In The Hills","2/2/2015","2/4/2015","-32.0268","false","14","88.85","88320"
"24899","High","0.1","24.92","12.98","2502","Toni Owens Poe","GBC Standard Therm-A-Bind Covers","0.39","United States","Munster","3/19/2015","3/19/2015","-45.816","false","3","70.82","91310"
"24901","High","0","12.28","6.35","2502","Toni Owens Poe","Staples Premium Bright 1-Part Blank Computer Paper","0.38","United States","Munster","3/19/2015","3/20/2015","30.63","true","7","90.44","91310"
"18219","Medium","0.02","6.48","8.74","2506","Alfred Harmon","Xerox 1984","0.36","United States","Cheshire","6/5/2015","6/7/2015","-6.835","false","1","10.72","87033"
"18217","Medium","0.06","699.99","24.49","2507","Jeanette Davies","Canon PC1060 Personal Laser Copier","0.41","United States","Bangor","6/5/2015","6/7/2015","7024.2069","true","15","10180.01","87033"
"23265","Low","0.02","5.81","8.49","2508","Pauline Brooks","Fellowes Black Plastic Comb Bindings","0.39","United States","Sanford","1/8/2015","1/12/2015","-137.494","false","7","42.44","87031"
"21918","Medium","0.05","30.98","9.18","2509","Sidney Larson","Xerox 1951","0.4","United States","South Portland","5/5/2015","5/5/2015","308.67","true","15","462.57","87029"
"21102","Not Specified","0.04","6.48","9.54","2512","Frances Holt","Xerox 1905","0.37","United States","Cambridge","6/15/2015","6/17/2015","-223.944","false","19","125.37","87030"
"18220","Medium","0.02","17.15","4.96","2516","Leo E Underwood","Advantus Rolling Storage Box","0.58","United States","Englewood","6/5/2015","6/7/2015","36.495","true","11","190.85","87033"
"18221","Medium","0.07","30.98","8.74","2520","Sandy Mueller","Xerox 1979","0.4","United States","Providence","6/5/2015","6/6/2015","255.7692","true","12","370.68","87033"
"25463","Medium","0","175.99","4.99","2521","Shawn Meyer","5165","0.59","United States","Corsicana","2/18/2015","2/21/2015","1656.6555","true","15","2400.95","87032"
"18218","Medium","0.04","1360.14","14.7","2522","Harriet Wooten","Okidata ML395C Color Dot Matrix Printer","0.59","United States","Burlington","6/5/2015","6/8/2015","2639.01","true","6","7303.05","87033"
"18866","Critical","0.01","2.16","6.05","2526","Derek Sweeney","Peel & Stick Add-On Corner Pockets","0.37","United States","Lafayette","5/23/2015","5/25/2015","395.76","true","24","58.05","87208"
"18867","Critical","0.07","21.38","8.99","2527","Gretchen Orr","Boston 1730 StandUp Electric Pencil Sharpener","0.59","United States","Lake Charles","5/23/2015","5/25/2015","-39.396","false","3","68.64","87208"
"20254","High","0.04","40.98","6.5","2530","Janet Zhang","Targus USB Numeric Keypad","0.74","United States","Apple Valley","3/29/2015","3/30/2015","-89.5","false","7","277.07","87451"
"23782","Medium","0.08","4","1.3","2531","Rick Houston","EcoTones® Memo Sheets","0.37","United States","Atascadero","5/2/2015","5/4/2015","28.4","true","14","51.99","87452"
"20255","High","0.05","35.99","3.3","2534","Mitchell Goldberg","Accessory9","0.39","United States","Bangor","3/29/2015","3/31/2015","103.2723","true","5","149.67","87451"
"22839","Not Specified","0.08","12.53","0.5","2539","Max Hubbard","Avery 485","0.38","United States","Winter Park","4/7/2015","4/8/2015","215.718","true","5","61.1","91017"
"22840","Not Specified","0.02","178.47","19.99","2540","Helen Ferguson","Hot File® 7-Pocket, Floor Stand","0.55","United States","Winter Springs","4/7/2015","4/8/2015","106.9848","true","1","193.81","91017"
"19031","Medium","0.05","15.68","3.73","2543","Josephine Dalton","Artistic Insta-Plaque","0.46","United States","Richmond","6/11/2015","6/12/2015","3.54","true","17","257.48","87917"
"19032","Medium","0.02","195.99","4.2","2543","Josephine Dalton","T65","0.56","United States","Richmond","6/11/2015","6/12/2015","40.284","true","19","3194.99","87917"
"19902","Medium","0.01","99.99","19.99","2545","Rick Ellis","AT&T 2230 Dual Handset Phone With Caller ID/Call Waiting","0.52","United States","Springfield","3/10/2015","3/12/2015","90.024","true","2","202.98","87915"
"25460","Low","0.07","6.48","9.54","2547","Edna Freeman","Xerox 1905","0.37","United States","Virginia Beach","4/19/2015","4/19/2015","2.232","true","1","10.86","87916"
"6525","Low","0","35.99","0.99","2548","Wayne Bass","Accessory31","0.35","United States","Los Angeles","4/4/2015","4/11/2015","840.051","true","46","1477.57","46436"
"5777","Low","0.05","30.98","9.18","2548","Wayne Bass","Xerox 1951","0.4","United States","Los Angeles","4/21/2015","4/21/2015","61.47","true","12","382.29","40997"
"5778","Low","0.05","22.99","8.99","2548","Wayne Bass","Boston KS Multi-Size Manual Pencil Sharpener","0.57","United States","Los Angeles","4/21/2015","4/28/2015","18.27","true","37","881.74","40997"
"5780","Low","0.04","212.6","110.2","2548","Wayne Bass","Bush Advantage Collection® Round Conference Table","0.73","United States","Los Angeles","4/21/2015","4/25/2015","-513.79042","false","33","7384.18","40997"
"4204","Not Specified","0.09","5.98","1.67","2548","Wayne Bass","Dixon Ticonderoga® Erasable Colored Pencil Set, 12-Color","0.51","United States","Los Angeles","6/4/2015","6/7/2015","23.87","true","81","448.26","29889"
"23777","Low","0.05","30.98","9.18","2549","Martha Bowers","Xerox 1951","0.4","United States","Whitehall","4/21/2015","4/21/2015","61.47","true","3","95.57","88657"
"23778","Low","0.05","22.99","8.99","2549","Martha Bowers","Boston KS Multi-Size Manual Pencil Sharpener","0.57","United States","Whitehall","4/21/2015","4/28/2015","18.27","true","9","214.48","88657"
"23780","Low","0.04","212.6","110.2","2549","Martha Bowers","Bush Advantage Collection® Round Conference Table","0.73","United States","Whitehall","4/21/2015","4/25/2015","-513.79042","false","8","1790.1","88657"
"22204","Not Specified","0.09","5.98","1.67","2549","Martha Bowers","Dixon Ticonderoga® Erasable Colored Pencil Set, 12-Color","0.51","United States","Whitehall","6/4/2015","6/7/2015","35.805","true","20","110.68","88658"
"24525","Low","0","35.99","0.99","2551","Joan Bowers","Accessory31","0.35","United States","York","4/4/2015","4/11/2015","265.9605","true","12","385.45","88656"
"18130","Medium","0.03","12.53","7.17","2553","Virginia McNeill","GBC ProClick Spines for 32-Hole Punch","0.38","United States","Kenosha","2/12/2015","2/13/2015","-20.3205","false","1","19.32","86528"
"23666","Low","0.1","2.6","2.4","2555","Karl Knowles","12 Colored Short Pencils","0.58","United States","Madison","1/9/2015","1/14/2015","-88.04","false","12","30.1","86527"
"23583","Critical","0","12.97","1.49","2555","Karl Knowles","Mead 1st Gear 2"" Zipper Binder, Asst. Colors","0.35","United States","Madison","2/2/2015","2/3/2015","180.2349","true","19","261.21","86529"
"23584","Critical","0.06","4.91","0.5","2555","Karl Knowles","Avery 508","0.36","United States","Madison","2/2/2015","2/2/2015","29.5251","true","9","42.79","86529"
"19840","Not Specified","0.03","160.98","30","2561","Laurie Moon","Office Star - Mid Back Dual function Ergonomic High Back Chair with 2-Way Adjustable Arms","0.62","United States","Ossining","3/22/2015","3/25/2015","1261.4718","true","11","1828.22","86465"
"23161","Not Specified","0.07","3.98","5.26","2561","Laurie Moon","Ibico Presentation Index for Binding Systems","0.38","United States","Ossining","4/8/2015","4/10/2015","-59.96376","false","7","29.77","86466"
"23162","Not Specified","0.07","12.22","2.85","2561","Laurie Moon","Aluminum Document Frame","0.55","United States","Ossining","4/8/2015","4/8/2015","89.4148","true","12","147.19","86466"
"22374","Not Specified","0.08","4.55","1.49","2563","Karen Warren","Presstex Flexible Ring Binders","0.35","United States","Fridley","4/8/2015","4/9/2015","27.0273","true","9","39.17","91447"
"25095","Critical","0","4.37","5.15","2570","Yvonne Stephens","Eureka Sanitaire ® Multi-Pro Heavy-Duty Upright, Disposable Bags","0.59","United States","Davis","4/25/2015","4/27/2015","-150.2604","false","19","87.85","90327"
"25096","Critical","0.01","500.98","56","2570","Yvonne Stephens","Global Troy™ Executive Leather Low-Back Tilter","0.6","United States","Davis","4/25/2015","4/26/2015","4899.1288","true","14","7429.63","90327"
"25097","Critical","0.02","12.58","5.16","2570","Yvonne Stephens","DAX Copper Panel Document Frame, 5 x 7 Size","0.43","United States","Davis","4/25/2015","4/25/2015","44.712","true","18","224.29","90327"
"25098","Critical","0.1","7.7","3.68","2570","Yvonne Stephens","Deflect-O® Glasstique™ Clear Desk Accessories","0.52","United States","Davis","4/25/2015","4/26/2015","-22.626","false","7","51.2","90327"
"7096","Critical","0.01","500.98","56","2571","Rosemary O'Brien","Global Troy™ Executive Leather Low-Back Tilter","0.6","United States","New York City","4/25/2015","4/26/2015","4260.112","true","56","29718.53","50656"
"7098","Critical","0.1","7.7","3.68","2571","Rosemary O'Brien","Deflect-O® Glasstique™ Clear Desk Accessories","0.52","United States","New York City","4/25/2015","4/26/2015","-25.14","false","27","197.48","50656"
"20938","Low","0.04","8.6","6.19","2578","Kent Gill","Avery Printable Repositionable Plastic Tabs","0.38","United States","Opelika","5/2/2015","5/4/2015","309.7116","true","5","46.85","88298"
"20939","Low","0.01","3.58","1.63","2578","Kent Gill","OIC Colored Binder Clips, Assorted Sizes","0.36","United States","Opelika","5/2/2015","5/6/2015","-128.856","false","26","93.57","88298"
"20940","Low","0.08","105.49","41.64","2578","Kent Gill","Balt Solid Wood Rectangular Table","0.75","United States","Opelika","5/2/2015","5/9/2015","-36.946","false","34","2694.49","88298"
"23705","High","0.09","212.6","52.2","2579","Marshall Sutherland","Bush Advantage Collection® Round Conference Table","0.64","United States","Phenix City","1/3/2015","1/4/2015","-274.498","false","1","174.5","88296"
"22508","Medium","0.07","1.76","4.86","2579","Marshall Sutherland","Regeneration Desk Collection","0.41","United States","Phenix City","1/17/2015","1/17/2015","0.588000000000011","true","15","26.01","88297"
"19123","Medium","0.04","510.14","14.7","2583","Wendy Pridgen Pearce","Okidata ML520 Series Dot Matrix Printers","0.56","United States","Holland","6/7/2015","6/9/2015","-251.4039","false","3","1527.97","89657"
"19124","Medium","0","4.76","3.01","2583","Wendy Pridgen Pearce","TOPS Voice Message Log Book, Flash Format","0.36","United States","Holland","6/7/2015","6/9/2015","-2.345","false","23","110.86","89657"
"19134","Critical","0.04","6.3","0.5","2584","Seth Matthews","Avery 48","0.39","United States","Inkster","6/9/2015","6/11/2015","67.6062","true","15","97.98","89658"
"20976","Medium","0.01","6.48","6.57","2587","Eugene H Walsh","Xerox 20","0.37","United States","Manitowoc","2/28/2015","2/28/2015","-46.5244","false","18","127.83","91166"
"20810","Not Specified","0.02","22.72","8.99","2587","Eugene H Walsh","Executive Impressions 14"" Two-Color Numerals Wall Clock","0.44","United States","Manitowoc","6/26/2015","6/26/2015","200.0172","true","12","289.88","91167"
"22275","Low","0.02","419.19","19.99","2593","Anne Schultz","Smead Adjustable Mobile File Trolley with Lockable Top","0.58","United States","Athens","4/17/2015","4/17/2015","-39.606","false","10","4354.55","87772"
"23765","Low","0.01","85.99","0.99","2593","Anne Schultz","Accessory4","0.85","United States","Athens","3/12/2015","3/17/2015","311.73","true","2","146.17","87773"
"19859","Low","0.05","5.74","5.3","2601","Malcolm French","Acme Kleencut® Forged Steel Scissors","0.55","United States","Merrimack","3/21/2015","3/26/2015","-50.75","false","7","42.02","87382"
"20849","Critical","0.07","200.99","4.2","2603","Penny Leach","2160i","0.59","United States","Hackensack","4/5/2015","4/6/2015","2225.07612","true","22","3705.14","87383"
"20850","Critical","0.01","297.48","18.06","2604","Gina Curry","Panasonic KX-P3200 Dot Matrix Printer","0.6","United States","Iselin","4/5/2015","4/6/2015","-338.180832","false","3","945.36","87383"
"18046","High","0.09","5.4","7.78","2610","Tommy Lutz","3M Organizer Strips","0.37","United States","Davis","5/16/2015","5/17/2015","-136.252","false","9","49.24","86118"
"19971","Low","0.02","50.98","13.66","2613","Anthony Stanley","Eureka The Boss® Cordless Rechargeable Stick Vac","0.58","United States","Fords","1/24/2015","1/24/2015","-25.76","false","1","68.45","86119"
"25962","Critical","0","2.6","2.4","2616","Laurence Hull","12 Colored Short Pencils","0.58","United States","Portage","3/11/2015","3/13/2015","-45.21","false","16","44.75","91495"
"25478","Not Specified","0.1","3.25","49","2617","Gerald Crabtree","Bravo II™ Megaboss® 12-Amp Hard Body Upright, Replacement Belts, 2 Belts per Pack","0.56","United States","Aberdeen","6/27/2015","6/28/2015","-286.245","false","6","40.69","91496"
"6585","Medium","0.1","7.64","1.39","2618","Amy Hamrick Melvin","Security-Tint Envelopes","0.36","United States","New York City","1/17/2015","1/19/2015","16.12","true","18","130.11","46884"
"6586","Medium","0","125.99","2.5","2618","Amy Hamrick Melvin","6162","0.59","United States","New York City","1/17/2015","1/19/2015","-815.9008","false","3","337.34","46884"
"6587","Medium","0.1","11.55","2.36","2618","Amy Hamrick Melvin","Newell 309","0.55","United States","New York City","1/17/2015","1/18/2015","15.808","true","25","280.43","46884"
"4788","High","0.05","4.84","0.71","2618","Amy Hamrick Melvin","*Staples* Highlighting Markers","0.52","United States","New York City","3/23/2015","3/23/2015","29.17","true","20","103.39","34017"
"4789","High","0.01","14.98","7.69","2618","Amy Hamrick Melvin","Super Decoflex Portable Personal File","0.57","United States","New York City","3/23/2015","3/25/2015","-48.97","false","28","435.39","34017"
"7452","Critical","0.1","20.27","3.99","2618","Amy Hamrick Melvin","Fellowes Mighty 8 Compact Surge Protector","0.57","United States","New York City","3/23/2015","3/24/2015","84.05","true","53","1051.52","53153"
"22788","High","0.05","4.84","0.71","2619","Brandon E Shepherd","*Staples* Highlighting Markers","0.52","United States","Sioux Falls","3/23/2015","3/23/2015","17.8365","true","5","25.85","88014"
"18461","Not Specified","0.1","30.98","8.99","2619","Brandon E Shepherd","Boston School Pro Electric Pencil Sharpener, 1670","0.58","United States","Sioux Falls","2/9/2015","2/11/2015","-20.2228","false","4","119.37","88015"
"25452","Critical","0.1","20.27","3.99","2620","Phyllis Little","Fellowes Mighty 8 Compact Surge Protector","0.57","United States","Bartlett","3/23/2015","3/24/2015","381.618","true","13","257.92","88017"
"26296","High","0.03","40.97","8.99","2621","Robyn Hayes","Sanford 52201 APSCO Electric Pencil Sharpener","0.59","United States","Brentwood","3/19/2015","3/20/2015","-177.058","false","5","207.22","88016"
"26032","High","0.1","41.94","2.99","2626","Lillian Fischer","Avery Trapezoid Extra Heavy Duty 4"" Binders","0.35","United States","Menlo Park","2/7/2015","2/8/2015","164.082","true","6","237.8","90927"
"18623","Medium","0.02","30.53","19.99","2628","Danielle P Rao","Avery 4027 File Folder Labels for Dot Matrix Printers, 5000 Labels per Box, White","0.39","United States","Moore","1/17/2015","1/19/2015","-54.63","false","14","448.47","85916"
"21981","Critical","0.01","194.3","11.54","2630","Betsy Puckett","Electrix Halogen Magnifier Lamp","0.59","United States","Norman","1/5/2015","1/7/2015","690.1794","true","5","1000.26","85914"
"21982","Critical","0.02","209.84","21.21","2630","Betsy Puckett","Luxo Professional Fluorescent Magnifier Lamp with Clamp-Mount Base","0.59","United States","Norman","1/5/2015","1/6/2015","1507.6431","true","10","2184.99","85914"
"21983","Critical","0","145.45","17.85","2630","Betsy Puckett","Panasonic KX-P1150 Dot Matrix Printer","0.56","United States","Norman","1/5/2015","1/7/2015","801.7468","true","8","1191.2","85914"
"22540","High","0.07","65.99","5.99","2630","Betsy Puckett","i1000","0.58","United States","Norman","1/7/2015","1/8/2015","-139.18256","false","3","165.71","85915"
"25594","Low","0.05","100.97","7.18","2638","Alicia Wood Shah","Gyration Ultra Cordless Optical Suite","0.46","United States","Boise","6/8/2015","6/8/2015","881.4681","true","13","1277.49","90951"
"21041","Not Specified","0.05","4.98","0.49","2639","Marianne Connor","Avery White Multi-Purpose Labels","0.39","United States","Roswell","3/19/2015","3/19/2015","3.84","true","3","14.2","90952"
"22438","Low","0.1","10.98","3.99","2647","Teresa Bishop","Staples Surge Protector 6 outlet","0.58","United States","Bakersfield","3/17/2015","3/24/2015","-21.03","false","5","52.21","91386"
"22439","Low","0.01","39.98","9.2","2647","Teresa Bishop","Eldon Radial Chair Mat for Low to Medium Pile Carpets","0.65","United States","Bakersfield","3/17/2015","3/19/2015","117.5208","true","4","170.32","91386"
"18720","High","0.01","39.98","4","2649","Leo J Olson","Microsoft Natural Keyboard Elite","0.7","United States","Edgewood","6/11/2015","6/12/2015","-30.808","false","5","203.29","88814"
"22904","Critical","0.05","35.99","5.99","2650","Joanne Chu","Accessory41","0.38","United States","Baldwin","5/4/2015","5/5/2015","524.3172","true","26","759.88","88815"
"18949","Medium","0.06","47.9","5.86","2652","Brenda Ross","Xerox 1938","0.37","United States","Bakersfield","5/25/2015","5/27/2015","21.78","true","2","94.2","89361"
"25662","Not Specified","0.05","4.98","4.62","2653","Leo Kane","Imation 3.5"", DISKETTE 44766 HGHLD3.52HD/FM, 10/Pack","0.64","United States","Derby","2/22/2015","2/23/2015","-98.35","false","7","34.32","89360"
"25663","Not Specified","0.02","34.23","5.02","2653","Leo Kane","Hand-Finished Solid Wood Document Frame","0.55","United States","Derby","2/22/2015","2/24/2015","270.7905","true","11","392.45","89360"
"19131","Medium","0.09","89.99","42","2655","Benjamin Lam","Global Leather Task Chair, Black","0.66","United States","Atlanta","4/18/2015","4/18/2015","223.416","true","6","511.25","86063"
"22938","Critical","0.07","2.94","0.81","2655","Benjamin Lam","Prang Colored Pencils","0.4","United States","Atlanta","4/8/2015","4/9/2015","-93.9274","false","10","29.88","86064"
"19525","Critical","0.01","138.14","35","2660","Jeffrey Page","SAFCO Commercial Wire Shelving, Black","","United States","Gorham","2/24/2015","2/26/2015","-321.51","false","4","599.03","86486"
"18400","High","0.04","90.24","0.99","2667","Pat Baker","Kensington 6 Outlet MasterPiece® HOMEOFFICE Power Control Center","0.56","United States","Lakewood","4/2/2015","4/4/2015","246.2748","true","4","356.92","87831"
"18401","High","0.09","47.9","5.86","2667","Pat Baker","Xerox 1938","0.37","United States","Lakewood","4/2/2015","4/4/2015","93.9504","true","3","136.16","87831"
"19294","High","0.04","10.4","5.4","2668","Carlos Hanson","Executive Impressions 8-1/2"" Career Panel/Partition Cubicle Clock","0.51","United States","Rapid City","3/28/2015","3/29/2015","29.98","true","12","130.74","87830"
"19295","High","0.08","4.28","4.79","2668","Carlos Hanson","Xerox 1962","0.4","United States","Rapid City","3/28/2015","3/30/2015","-121.2","false","12","49.87","87830"
"18870","Not Specified","0.06","3.93","0.99","2668","Carlos Hanson","Staples Vinyl Coated Paper Clips","0.39","United States","Rapid City","4/21/2015","4/23/2015","10.7824","true","6","24.18","87832"
"5338","High","0.05","165.2","19.99","2670","Yvonne Mann","Economy Rollaway Files","0.59","United States","Los Angeles","5/29/2015","5/29/2015","2008.71","true","167","27587.55","37924"
"5339","High","0.09","17.99","8.65","2670","Yvonne Mann","Model L Table or Wall-Mount Pencil Sharpener","0.57","United States","Los Angeles","5/29/2015","5/29/2015","-80.53","false","71","1191.58","37924"
"23338","High","0.05","165.2","19.99","2671","Lloyd Fuller","Economy Rollaway Files","0.59","United States","Brentwood","5/29/2015","5/29/2015","-48.958","false","42","6938.19","90551"
"18147","Critical","0.03","41.32","58.66","2677","Geoffrey Rivera","Deflect-o EconoMat Studded, No Bevel Mat for Low Pile Carpeting","0.76","United States","Winchester","6/16/2015","6/17/2015","-32.816","false","10","419.27","86633"
"18148","Critical","0","6.88","2","2677","Geoffrey Rivera","Adams Phone Message Book, 200 Message Capacity, 8 1/16” x 11”","0.39","United States","Winchester","6/16/2015","6/16/2015","-15.61","false","5","36","86633"
"22848","Low","0.09","8.74","1.39","2684","Edna Michael","#10- 4 1/8"" x 9 1/2"" Recycled Envelopes","0.38","United States","Port Charlotte","2/15/2015","2/20/2015","23.616","true","1","11.78","89146"
"22849","Low","0.09","18.97","9.03","2684","Edna Michael","Computer Printout Paper with Letter-Trim Perforations","0.37","United States","Port Charlotte","2/15/2015","2/20/2015","-1748.012","false","1","20.96","89146"
"25649","Low","0.07","4.97","5.71","2684","Edna Michael","DAX Value U-Channel Document Frames, Easel Back","0.54","United States","Port Charlotte","4/10/2015","4/15/2015","-180.152","false","5","26.66","89148"
"25650","Low","0.09","2.62","0.8","2684","Edna Michael","Staples Metal Binder Clips","0.39","United States","Port Charlotte","4/10/2015","4/12/2015","8.388","true","12","29.55","89148"
"25651","Low","0.03","65.99","8.8","2684","Edna Michael","6120","0.58","United States","Port Charlotte","4/10/2015","4/10/2015","9.9399","true","21","1237.4","89148"
"21114","High","0","7.38","11.51","2685","Kathryn Wolfe","GBC Plastic Binding Combs","0.36","United States","Plainview","4/4/2015","4/5/2015","-66.171","false","2","17.64","89147"
"23299","Critical","0.09","3.75","0.5","2689","Marlene Gray","Avery 496","0.37","United States","Clifton","5/4/2015","5/6/2015","51.2187","true","21","74.23","90624"
"23298","Critical","0.01","30.98","9.18","2693","Lloyd Cannon","Xerox 1951","0.4","United States","Bennington","5/4/2015","5/4/2015","380.468","true","20","627.19","90624"
"18354","Critical","0.05","107.53","5.81","2696","Sally Dunn","Tenex Contemporary Contur Chairmats for Low and Medium Pile Carpet, Computer, 39"" x 49""","0.65","United States","Tuscaloosa","3/5/2015","3/6/2015","-89.418","false","6","612.92","87676"
"19506","Critical","0.04","1.74","4.08","2697","Ricky W Clements","Eldon Regeneration Recycled Desk Accessories, Smoke","0.53","United States","Vestavia Hills","2/23/2015","2/25/2015","9.252","true","16","29.08","87678"
"19507","Critical","0.01","119.99","56.14","2697","Ricky W Clements","Hewlett-Packard 2600DN Business Color Inkjet Printer","0.39","United States","Vestavia Hills","2/23/2015","2/24/2015","-1197.042","false","21","2569.57","87678"
"21580","Critical","0.06","4.98","4.95","2699","Marcia Greenberg","Cardinal Holdit Business Card Pockets","0.37","United States","Bullhead City","5/22/2015","5/24/2015","-103.224","false","16","78.99","87677"
"20983","Not Specified","0.04","70.98","26.74","2699","Marcia Greenberg","Hon Metal Bookcases, Black","0.6","United States","Bullhead City","4/8/2015","4/10/2015","-84.6288","false","19","1345.33","87679"
"24151","Critical","0.06","3.6","2.2","2704","Juan Gold","Telephone Message Books with Fax/Mobile Section, 4 1/4"" x 6""","0.39","United States","Pensacola","4/30/2015","5/2/2015","2755.6422","true","4","15.19","91407"
"21979","Low","0.03","13.48","4.51","2704","Juan Gold","Tenex Personal Project File with Scoop Front Design, Black","0.59","United States","Pensacola","4/30/2015","5/4/2015","-256.018","false","4","59.49","91408"
"18898","Medium","0.07","60.97","4.5","2709","Stanley Steele","Tripp Lite Isotel 6 Outlet Surge Protector with Fax/Modem Protection","0.56","United States","Ellicott City","5/28/2015","5/30/2015","-41.77","false","1","57.84","89240"
"18899","Medium","0","90.98","56.2","2709","Stanley Steele","Eldon ClusterMat Chair Mat with Cordless Antistatic Protection","0.74","United States","Ellicott City","5/28/2015","5/30/2015","-1014.11","false","15","1425.71","89240"
"18855","Critical","0.07","2.88","0.5","2713","Lynda Banks","Avery 492","0.39","United States","Kalamazoo","6/21/2015","6/24/2015","17.4294","true","9","25.26","88701"
"18856","Critical","0.03","348.21","40.19","2713","Lynda Banks","Bretford CR4500 Series Slim Rectangular Table","0.62","United States","Kalamazoo","6/21/2015","6/22/2015","-178.8696","false","2","736.16","88701"
"21690","Low","0.01","29.89","1.99","2715","Becky Farmer","Verbatim DVD-RAM, 5.2GB, Rewritable, Type 1, DS","0.5","United States","Lansing","1/12/2015","1/16/2015","-74.64","false","1","31.96","88702"
"21863","Critical","0.1","6.74","1.72","2718","Caroline Stone","Memo Book, 100 Message Capacity, 5 3/8” x 11”","0.35","United States","Lansing","3/1/2015","3/3/2015","65.41","true","15","98.17","89394"
"21399","Critical","0","40.48","19.99","2720","Donna Block","Keytronic Designer 104- Key Black Keyboard","0.77","United States","Dalton","6/16/2015","6/17/2015","-25.634","false","6","264.95","88766"
"19907","Critical","0.06","4.98","7.44","2724","Erika Clapp","Xerox 1922","0.36","United States","Chattanooga","5/1/2015","5/2/2015","-37.562","false","10","53.21","88959"
"19908","Critical","0.01","6.48","7.37","2724","Erika Clapp","Xerox 210","0.37","United States","Chattanooga","5/1/2015","5/3/2015","-449.694","false","18","122.8","88959"
"22612","Not Specified","0.05","28.15","6.17","2725","Katharine Hudson","Boston Model 1800 Electric Pencil Sharpener, Gray","0.55","United States","Clarksville","1/17/2015","1/18/2015","-66.248","false","10","282.38","88958"
"21422","Low","0.08","230.98","23.78","2729","Penny O Caldwell","Bush® Cubix Conference Tables, Fully Assembled","0.6","United States","Bellingham","3/6/2015","3/10/2015","501.69","true","4","924.8","88114"
"19819","Not Specified","0.05","100.98","7.18","2737","Rachel Bates","Logitech Cordless Elite Duo","0.4","United States","Rutland","4/22/2015","4/24/2015","566.6073","true","8","821.17","89018"
"18790","Medium","0.03","15.31","8.78","2737","Rachel Bates","Eldon Jumbo ProFile™ Portable File Boxes Graphite/Black","0.57","United States","Rutland","6/1/2015","6/2/2015","-57.56","false","12","194.08","89019"
"24278","Critical","0.02","33.98","1.99","2738","Sherri Kramer","Imation Neon 80 Minute CD-R Spindle, 50/Pack","0.45","United States","South Burlington","4/13/2015","4/15/2015","164.0613","true","7","237.77","89017"
"19987","Low","0.01","35.99","5.99","2741","Megan York","Accessory41","0.38","United States","Caldwell","3/12/2015","3/19/2015","218.2332","true","10","316.28","89481"
"21323","Medium","0.01","220.98","64.66","2745","Arnold Gay","Bush Cubix Collection Bookcases, Fully Assembled","0.62","United States","Chandler","3/18/2015","3/19/2015","1049.03","true","11","2591.09","86184"
"4949","Medium","0.08","9.98","12.52","2747","Brian Grady","Eldon® Expressions™ Wood and Plastic Desk Accessories, Oak","0.57","United States","New York City","2/5/2015","2/7/2015","-102.93","false","15","150.24","35200"
"3323","Medium","0.01","220.98","64.66","2747","Brian Grady","Bush Cubix Collection Bookcases, Fully Assembled","0.62","United States","New York City","3/18/2015","3/19/2015","1049.03","true","44","10364.36","23751"
"23271","Critical","0.02","161.55","19.99","2750","Allen Nash","Fellowes Super Stor/Drawer® Files","0.66","United States","Waynesboro","3/8/2015","3/8/2015","664.518","true","4","657.61","91424"
"21630","Medium","0.08","22.01","5.53","2760","Evan Adkins","Boston 16801 Nautilus™ Battery Pencil Sharpener","0.59","United States","Waterbury","4/22/2015","4/24/2015","105.7","true","11","241.97","90724"
"21629","Medium","0.02","29.74","6.64","2764","Arnold Johnson","Acco Perma® 2700 Stacking Storage Drawers","0.7","United States","Hackensack","4/22/2015","4/22/2015","-21.06","false","4","120.81","90724"
"26156","Low","0.03","5.85","2.27","2765","Tracy Schultz","Dixon My First Ticonderoga Pencil, #2","0.56","United States","Lindenwold","5/28/2015","5/30/2015","-5.08","false","7","41.4","90725"
"23342","Critical","0.02","11.55","2.36","2770","Joel Burnette","Newell 309","0.55","United States","Dunwoody","3/8/2015","3/10/2015","1289.382","true","14","159.53","88975"
"26157","High","0.07","177.98","0.99","2771","Kevin Wolfe","Kensington 7 Outlet MasterPiece Power Center","0.56","United States","East Point","6/13/2015","6/13/2015","-191.548","false","3","536.29","88974"
"24523","Not Specified","0.1","5.18","5.74","2773","Christina Zhu","Wilson Jones Impact Binders","0.36","United States","Dublin","3/26/2015","3/28/2015","-29.003","false","2","10.96","91584"
"20956","Low","0.07","574.74","24.49","2775","Theodore Rubin","Polycom ViaVideo™ Desktop Video Communications Unit","0.37","United States","Franklin Park","1/30/2015","2/4/2015","2860.9332","true","8","4146.28","91229"
"24122","Critical","0.03","350.98","30","2776","April Henson","Office Star - Professional Matrix Back Chair with 2-to-1 Synchro Tilt and Mesh Fabric Seat","0.61","United States","Gaithersburg","1/12/2015","1/15/2015","2692.4421","true","11","3902.09","91228"
"24123","Critical","0.04","1.68","1","2776","April Henson","Prang Dustless Chalk Sticks","0.35","United States","Gaithersburg","1/12/2015","1/14/2015","2.0672","true","8","14.18","91228"
"20097","High","0.05","205.99","8.99","2778","Alison Jones","Talkabout T8097","0.58","United States","Wilmington","2/11/2015","2/12/2015","111.0525","true","12","2118.99","87160"
"20098","High","0.08","205.99","8.99","2778","Alison Jones","TimeportP7382","0.56","United States","Wilmington","2/11/2015","2/12/2015","-1963.752","false","5","837.64","87160"
"21707","Critical","0.01","35.99","5.99","2779","Jacob Burgess","Accessory41","0.38","United States","Wilson","6/11/2015","6/12/2015","-60.704","false","11","345.07","87161"
"22095","Low","0.09","2.16","6.05","2781","Kelly Byers","Peel & Stick Add-On Corner Pockets","0.37","United States","Woodburn","1/31/2015","2/4/2015","-37.789","false","2","5.48","87162"
"22096","Low","0.03","808.49","55.3","2781","Kelly Byers","Hewlett-Packard Business Color Inkjet 3000 [N, DTN] Series Printers","0.4","United States","Woodburn","1/31/2015","2/7/2015","7576.11","true","11","8201.33","87162"
"22097","Low","0","6.48","8.19","2781","Kelly Byers","Xerox 217","0.37","United States","Woodburn","1/31/2015","2/7/2015","-43.26","false","3","22.67","87162"
"21587","Not Specified","0.01","47.98","3.61","2787","Rodney Kearney","DS/HD IBM Formatted Diskettes, 200/Pack - Staples","0.71","United States","Metairie","3/12/2015","3/13/2015","-44.436","false","8","393.98","91316"
"19860","Critical","0.09","2.88","0.7","2791","Dawn Larson","Newell 346","0.56","United States","Madison Heights","1/15/2015","1/15/2015","4.85","true","7","19.29","88758"
"18361","Medium","0.06","2.61","0.5","2794","Connie Bunn","Avery 479","0.39","United States","Marshalltown","3/20/2015","3/22/2015","3.5949","true","2","5.21","87554"
"18895","High","0.07","4.76","0.88","2794","Connie Bunn","Wirebound Voice Message Log Book","0.39","United States","Marshalltown","6/7/2015","6/7/2015","15.8148","true","5","22.92","87555"
"19486","Low","0.04","3.57","4.17","2795","Harry Burns","Barrel Sharpener","0.59","United States","Mason City","1/26/2015","1/28/2015","-69.91","false","8","30.9","87556"
"19487","Low","0.05","200.99","4.2","2795","Harry Burns","2160i","0.59","United States","Mason City","1/26/2015","1/30/2015","1630.5252","true","14","2363.08","87556"
"19488","Low","0.07","195.99","8.99","2795","Harry Burns","A1228","0.58","United States","Mason City","1/26/2015","1/26/2015","-457.16","false","2","328.45","87556"
"23351","Medium","0.02","30.44","1.49","2796","Cindy McLeod","Premier Elliptical Ring Binder, Black","0.37","United States","Sioux City","1/21/2015","1/23/2015","266.7609","true","12","386.61","87553"
"22787","Medium","0","5.02","5.14","2797","Cameron Kendall","Imation 3.5, DISKETTE 44766 HGHLD3.52HD/FM, 10/Pack","0.79","United States","Pittsburgh","1/10/2015","1/11/2015","-159.3028","false","8","43.94","87552"
"23350","Medium","0.02","4.91","0.5","2797","Cameron Kendall","Avery 508","0.36","United States","Pittsburgh","1/21/2015","1/22/2015","29.8839","true","9","43.31","87553"
"20618","Low","0","17.52","8.17","2801","Jimmy Wang","Bionaire 99.97% HEPA Air Cleaner","0.5","United States","Chandler","6/28/2015","7/3/2015","52.764","true","15","284.34","91049"
"18070","Medium","0.07","500.98","28.14","2803","Catherine Dorsey Burnett","Hewlett-Packard cp1700 [D, PS] Series Color Inkjet Printers","0.38","United States","East Los Angeles","2/5/2015","2/6/2015","2699.9838","true","10","3913.02","86227"
"18071","Medium","0.1","178.47","19.99","2803","Catherine Dorsey Burnett","Hot File® 7-Pocket, Floor Stand","0.55","United States","East Los Angeles","2/5/2015","2/7/2015","-170.98","false","1","180.14","86227"
"24604","Medium","0.07","30.56","2.99","2813","Marjorie Burnette","Surelock™ Post Binders","0.35","United States","Cleveland","2/7/2015","2/7/2015","-95.6186","false","12","364.92","88819"
"24044","High","0.05","4.71","0.7","2817","Paul W French","Plymouth Boxed Rubber Bands by Plymouth","0.8","United States","Newark","6/1/2015","6/2/2015","-2.376","false","2","12.16","89743"
"24045","High","0.04","55.99","1.25","2817","Paul W French","Accessory32","0.35","United States","Newark","6/1/2015","6/2/2015","-18.3216","false","3","147.56","89743"
"24373","Low","0.08","6.48","2.74","2820","Laurence Simon","Sony MFD2HD Formatted Diskettes, 10/Pack","0.71","United States","Oakville","5/10/2015","5/12/2015","-82.64","false","18","113.68","87899"
"24746","Not Specified","0.1","22.01","5.53","2820","Laurence Simon","Boston 16801 Nautilus™ Battery Pencil Sharpener","0.59","United States","Oakville","1/14/2015","1/15/2015","31.59","true","14","281.75","87900"
"23803","Low","0.02","21.98","2.87","2823","Max Hurley","Panasonic KP-310 Heavy-Duty Electric Pencil Sharpener","0.55","United States","North Las Vegas","4/30/2015","5/2/2015","165.6345","true","11","240.05","87240"
"22660","Low","0.02","27.48","4","2825","Carole Rosen","Belkin MediaBoard 104- Keyboard","0.75","United States","Boise","5/20/2015","5/27/2015","19.308","true","3","87.21","89497"
"22661","Low","0.08","10.06","2.06","2825","Carole Rosen","Riverleaf Stik-Withit® Designer Note Cubes®","0.39","United States","Boise","5/20/2015","5/24/2015","0.329999999999997","true","4","40.15","89497"
"24607","High","0.05","11.29","5.03","2828","Monica Howard","X-Rack™ File for Hanging Folders","0.59","United States","El Centro","2/19/2015","2/21/2015","-35.26","false","8","90.46","87720"
"23431","Medium","0.07","39.48","1.99","2828","Monica Howard","80 Minute CD-R Spindle, 100/Pack - Staples","0.54","United States","El Centro","6/1/2015","6/2/2015","322.2507","true","12","467.03","87721"
"20594","Not Specified","0.03","140.98","36.09","2833","Tim Connolly","Sauder Forest Hills Library, Woodland Oak Finish","0.77","United States","Inver Grove Heights","3/25/2015","3/27/2015","-221.5","false","4","608.81","91030"
"20595","Not Specified","0.08","65.99","8.99","2833","Tim Connolly","Talkabout T8367","0.56","United States","Inver Grove Heights","3/25/2015","3/26/2015","206.352","true","15","808.61","91030"
"19191","High","0.07","51.98","10.17","2837","Leslie Hawley","Canon MP25DIII Desktop Whisper-Quiet Printing Calculator","0.37","United States","Tulsa","3/8/2015","3/10/2015","439.7853","true","13","637.37","89801"
"19192","High","0.1","80.97","33.6","2837","Leslie Hawley","Lexmark Z25 Color Inkjet Printer","0.37","United States","Tulsa","3/8/2015","3/11/2015","-149.4573","false","3","232.16","89801"
"18416","High","0","21.98","2.87","2840","Bob Berg","Panasonic KP-310 Heavy-Duty Electric Pencil Sharpener","0.55","United States","North Miami","3/19/2015","3/20/2015","21.096","true","16","360.03","87884"
"18419","Medium","0.05","15.68","3.73","2840","Bob Berg","Artistic Insta-Plaque","0.46","United States","North Miami","6/11/2015","6/13/2015","1166.628","true","17","260.01","87885"
"18420","Medium","0","14.98","8.99","2840","Bob Berg","GE 4 Foot Flourescent Tube, 40 Watt","0.39","United States","North Miami","6/11/2015","6/12/2015","-40.6042","false","18","273.79","87885"
"18421","Medium","0.02","38.76","13.26","2840","Bob Berg","Xerox 1892","0.36","United States","North Miami","6/11/2015","6/12/2015","-294.084","false","1","44.62","87885"
"21855","Not Specified","0.04","90.48","19.99","2847","Vanessa Day","Tyvek® Side-Opening Peel & Seel® Expanding Envelopes","0.4","United States","Collierville","4/9/2015","4/11/2015","55.5552","true","3","268.64","85928"
"21856","Not Specified","0.02","9.77","6.02","2847","Vanessa Day","DAX Solid Wood Frames","0.48","United States","Collierville","4/9/2015","4/10/2015","-535.332","false","9","87.68","85928"
"21857","Not Specified","0.09","34.99","7.73","2847","Vanessa Day","Hunt Boston® Vacuum Mount KS Pencil Sharpener","0.59","United States","Collierville","4/9/2015","4/11/2015","-208.7204","false","1","37.62","85928"
"24455","Medium","0","49.99","19.99","2848","Eileen Dalton","Zoom V.92 USB External Faxmodem","0.41","United States","Columbia","6/6/2015","6/8/2015","38.886","true","16","832.97","85929"
"23622","Low","0.05","115.99","8.99","2851","Annie Sherrill","5185","0.58","United States","Odessa","4/9/2015","4/13/2015","719.3526","true","11","1042.54","86454"
"23042","Medium","0.08","7.84","4.71","2855","Vicki Womble","XtraLife® ClearVue™ Slant-D® Ring Binders by Cardinal","0.35","United States","Des Moines","1/21/2015","1/22/2015","-12.87678","false","10","76.16","87316"
"23043","Medium","0.03","105.34","24.49","2855","Vicki Womble","Deflect-o DuraMat Antistatic Studded Beveled Mat for Medium Pile Carpeting","0.61","United States","Des Moines","1/21/2015","1/22/2015","618.1308","true","10","1038.14","87316"
"23213","Low","0.09","6783.02","24.49","2855","Vicki Womble","Polycom ViewStation™ ISDN Videoconferencing Unit","0.39","United States","Des Moines","3/10/2015","3/14/2015","-14140.7016","false","1","6296","87317"
"18516","Medium","0.06","2.94","0.96","2858","Jerry Webster","Newell 343","0.58","United States","Fruit Cove","5/17/2015","5/18/2015","-8.876","false","3","8.79","88279"
"18506","Low","0.04","67.28","19.99","2858","Jerry Webster","Catalog Binders with Expanding Posts","0.4","United States","Fruit Cove","5/23/2015","5/28/2015","14.754","true","30","2051.68","88282"
"18507","Low","0.1","130.98","54.74","2858","Jerry Webster","O'Sullivan Elevations Bookcase, Cherry Finish","0.69","United States","Fruit Cove","5/23/2015","5/23/2015","669.612","true","42","5295.03","88282"
"18508","Low","0.04","2.78","1.25","2858","Jerry Webster","Newell 318","0.59","United States","Fruit Cove","5/23/2015","5/23/2015","213","true","28","80.27","88282"
"20270","Not Specified","0.03","142.86","19.99","2859","Brad H Blake","Letter Size Cart","0.56","United States","Gainesville","4/1/2015","4/3/2015","-8.3881","false","23","3292.02","88281"
"23238","Medium","0.05","20.99","4.81","2861","Dwight Robinson","1726 Digital Answering Machine","0.58","United States","Hays","2/28/2015","2/28/2015","4.90176","true","11","199.43","88280"
"25932","High","0","12.22","2.85","2862","Carrie High","Aluminum Document Frame","0.55","United States","La Vista","4/11/2015","4/12/2015","76.3899","true","9","110.71","88278"
"23136","Critical","0.01","13.79","8.78","2865","Roberta Mitchell","9-3/4 Diameter Round Wall Clock","0.43","United States","Paris","2/23/2015","2/25/2015","-36.77","false","4","56.68","90871"
"23137","Critical","0.04","33.29","8.74","2865","Roberta Mitchell","Fellowes Bases and Tops For Staxonsteel®/High-Stak® Systems","0.61","United States","Paris","2/23/2015","2/24/2015","87.03","true","8","273.34","90871"
"1529","High","0.01","125.99","8.99","2867","Dana Teague","M70","0.59","United States","Washington","4/17/2015","4/18/2015","-582.648","false","2","226.88","11013"
"18998","High","0.03","896.99","19.99","2868","Eugene Clayton","GBC DocuBind TL300 Electric Binding System","0.38","United States","Edmonds","1/8/2015","1/10/2015","3602.1312","true","6","5220.48","85826"
"19529","High","0.01","125.99","8.99","2868","Eugene Clayton","M70","0.59","United States","Edmonds","4/17/2015","4/18/2015","-582.648","false","1","113.44","85827"
"19293","Not Specified","0.08","15.99","13.18","2868","Eugene Clayton","GBC Pre-Punched Binding Paper, Plastic, White, 8-1/2"" x 11""","0.37","United States","Edmonds","5/25/2015","5/27/2015","-66.585","false","4","66.02","85828"
"25724","Medium","0.07","2.89","0.5","2873","Benjamin Gunter","Avery 498","0.38","United States","Hialeah","1/22/2015","1/24/2015","441.594","true","12","33.02","89872"
"25725","Medium","0","217.85","29.1","2873","Benjamin Gunter","Chromcraft Bull-Nose Wood Round Conference Table Top, Wood Base","0.68","United States","Hialeah","1/22/2015","1/23/2015","394.17","true","10","2273.1","89872"
"21768","Low","0.05","4.84","0.71","2874","Marian Willis","*Staples* Highlighting Markers","0.52","United States","La Vista","4/6/2015","4/15/2015","13.4481","true","4","19.49","89873"
"19246","Critical","0.03","304.99","19.99","2874","Marian Willis","Ibico Hi-Tech Manual Binding System","0.4","United States","La Vista","6/22/2015","6/24/2015","4033.6089","true","19","5845.81","89874"
"19247","Critical","0.09","65.99","8.99","2874","Marian Willis","V 3600 Series","0.58","United States","La Vista","6/22/2015","6/24/2015","141.7824","true","12","633.85","89874"
"25599","Not Specified","0","8.33","1.99","2877","Shannon Aldridge","80 Minute Slim Jewel Case CD-R , 10/Pack - Staples","0.52","United States","North Olmsted","3/2/2015","3/4/2015","74.1819","true","12","107.51","91492"
"7599","Not Specified","0","8.33","1.99","2878","Susan Carroll Berman","80 Minute Slim Jewel Case CD-R , 10/Pack - Staples","0.52","United States","Seattle","3/2/2015","3/4/2015","82.31","true","47","421.08","54369"
"18642","Medium","0.05","6.68","6.93","2880","Grace Black","HP Office Paper (20Lb. and 87 Bright)","0.37","United States","North Miami Beach","3/28/2015","3/29/2015","-2.35200000000001","false","11","77.2","88626"
"20315","Low","0.09","243.98","43.32","2880","Grace Black","Hon Deluxe Fabric Upholstered Stacking Chairs, Rounded Back","0.55","United States","North Miami Beach","5/8/2015","5/13/2015","1059.288","true","25","5587.89","88627"
"7718","High","0.03","4.06","6.89","2882","Andrew Gonzalez","Eureka Disposable Bags for Sanitaire® Vibra Groomer I® Upright Vac","0.6","United States","Charlotte","2/20/2015","2/22/2015","-246.2761","false","37","159.89","55300"
"7719","High","0.01","3.75","0.5","2882","Andrew Gonzalez","Avery 510","0.37","United States","Charlotte","2/20/2015","2/21/2015","55.1946","true","48","180.48","55300"
"7720","High","0.02","10.68","13.04","2882","Andrew Gonzalez","Dana Swing-Arm Lamps","0.6","United States","Charlotte","2/20/2015","2/22/2015","-307.2965","false","31","350.48","55300"
"2314","High","0.07","28.99","8.59","2882","Andrew Gonzalez","SouthWestern Bell FA970 Digital Answering Machine with Time/Day Stamp","0.56","United States","Charlotte","3/19/2015","3/19/2015","-16.06374","false","39","936.8","16676"
"694","Critical","0.05","6.48","8.73","2882","Andrew Gonzalez","Xerox 227","0.37","United States","Charlotte","5/9/2015","5/9/2015","-160.3847","false","35","232.5","4839"
"3065","High","0.09","363.25","19.99","2882","Andrew Gonzalez","Hoover WindTunnel™ Plus Canister Vacuum","0.57","United States","Charlotte","6/5/2015","6/6/2015","732.2698","true","21","7497.05","21958"
"5689","Low","0.05","63.94","14.48","2882","Andrew Gonzalez","Howard Miller 16"" Diameter Gallery Wall Clock","0.46","United States","Charlotte","6/30/2015","7/7/2015","270.8743","true","21","1336.35","40224"
"7137","Low","0.02","43.98","1.99","2882","Andrew Gonzalez","Memorex 80 Minute CD-R Spindle, 100/Pack","0.44","United States","Charlotte","1/21/2015","1/25/2015","333.7605","true","40","1724.01","50917"
"18694","Critical","0.05","6.48","8.73","2883","Stuart Sharma","Xerox 227","0.37","United States","North Olmsted","5/9/2015","5/9/2015","-120.59","false","9","59.79","87632"
"20314","High","0.07","28.99","8.59","2884","Stuart C Robinson","SouthWestern Bell FA970 Digital Answering Machine with Time/Day Stamp","0.56","United States","North Ridgeville","3/19/2015","3/19/2015","-12.078","false","10","240.21","87631"
"21065","High","0.09","363.25","19.99","2884","Stuart C Robinson","Hoover WindTunnel™ Plus Canister Vacuum","0.57","United States","North Ridgeville","6/5/2015","6/6/2015","1231.6569","true","5","1785.01","87633"
"23689","Low","0.05","63.94","14.48","2885","Gary Frazier","Howard Miller 16"" Diameter Gallery Wall Clock","0.46","United States","North Royalton","6/30/2015","7/7/2015","219.5442","true","5","318.18","87634"
"25718","High","0.03","4.06","6.89","2886","Gretchen McKinney","Eureka Disposable Bags for Sanitaire® Vibra Groomer I® Upright Vac","0.6","United States","Parma","2/20/2015","2/22/2015","-185.17","false","9","38.89","87630"
"25719","High","0.01","3.75","0.5","2886","Gretchen McKinney","Avery 510","0.37","United States","Parma","2/20/2015","2/21/2015","31.1328","true","12","45.12","87630"
"25720","High","0.02","10.68","13.04","2886","Gretchen McKinney","Dana Swing-Arm Lamps","0.6","United States","Parma","2/20/2015","2/22/2015","-231.05","false","8","90.45","87630"
"21514","High","0.1","209.37","69","2892","Benjamin Porter","Hon 2111 Invitation™ Series Corner Table","0.79","United States","Livonia","2/23/2015","2/25/2015","-165.5949204","false","11","2125.12","90011"
"21515","High","0.07","4.98","4.7","2893","Kathryn Tate","Staples Copy Paper (20Lb. and 84 Bright)","0.38","United States","Madison Heights","2/23/2015","2/24/2015","-21.684","false","9","45.05","90011"
"19909","Low","0.02","880.98","44.55","2896","Anna Ellis","Riverside Palais Royal Lawyers Bookcase, Royale Cherry Finish","0.62","United States","Mankato","1/22/2015","1/26/2015","4861.0638","true","8","7045.02","86925"
"18198","Critical","0","22.84","16.92","2896","Anna Ellis","Xerox 1973","0.39","United States","Mankato","3/12/2015","3/14/2015","-83.75","false","15","370.62","86927"
"20304","High","0.05","80.97","30.06","2897","Betty Giles","Hewlett-Packard Deskjet 940 REFURBISHED Color Inkjet Printer","0.4","United States","Maple Grove","2/13/2015","2/14/2015","565.18","true","11","904.25","86926"
"20305","High","0","6.48","10.05","2897","Betty Giles","Xerox 1997","0.37","United States","Maple Grove","2/13/2015","2/15/2015","-38.72","false","2","16.31","86926"
"23151","Not Specified","0.06","70.89","89.3","2903","Frances Powers","KI Conference Tables","0.72","United States","Reynoldsburg","6/25/2015","6/25/2015","65.07702","true","6","364.26","87374"
"18611","High","0.07","4.13","0.99","2908","Robyn Lyon","Avery 491","0.39","United States","Garfield Heights","1/8/2015","1/8/2015","10.9592","true","4","16.07","88156"
"18612","High","0.03","22.72","8.99","2908","Robyn Lyon","Executive Impressions 14"" Two-Color Numerals Wall Clock","0.44","United States","Garfield Heights","1/8/2015","1/8/2015","17.4294","true","1","25.26","88156"
"20827","Not Specified","0.05","34.98","7.53","2908","Robyn Lyon","Fellowes EZ Multi-Media Keyboard","0.76","United States","Garfield Heights","2/28/2015","3/3/2015","-32.6664","false","16","581.08","88157"
"20828","Not Specified","0","3.14","1.92","2908","Robyn Lyon","Serrated Blade or Curved Handle Hand Letter Openers","0.84","United States","Garfield Heights","2/28/2015","3/2/2015","-13.1352","false","8","27.53","88157"
"21290","High","0.04","4.13","0.99","2912","Hannah Carver","Avery 491","0.39","United States","Grand Forks","4/28/2015","4/30/2015","22.3077","true","7","32.33","87396"
"21291","High","0.06","55.48","14.3","2912","Hannah Carver","Xerox 194","0.37","United States","Grand Forks","4/28/2015","4/30/2015","443.0214","true","12","642.06","87396"
"8310","Medium","0.05","535.64","14.7","2920","Ernest Peele","Epson LQ-870 Dot Matrix Printer","0.59","United States","Chicago","6/7/2015","6/9/2015","-1220.9145","false","2","1068.6","59365"
"18166","Medium","0","6.37","5.19","2923","Lynne Griffith","C-Line Peel & Stick Add-On Filing Pockets, 8-3/4 x 5-1/8, 10/Pack","0.38","United States","Hagerstown","2/28/2015","3/2/2015","-27.1492","false","15","99.75","86592"
"18345","Critical","0.02","110.98","13.99","2924","Courtney Nelson","Rubbermaid ClusterMat Chairmats, Mat Size- 66"" x 60"", Lip 20"" x 11"" -90 Degree Angle","0.69","United States","Laurel","1/16/2015","1/18/2015","-106.3424","false","2","226.53","86591"
"18346","Critical","0.01","8.01","2.87","2924","Courtney Nelson","TOPS Money Receipt Book, Consecutively Numbered in Red,","0.4","United States","Laurel","1/16/2015","1/18/2015","44.9768","true","8","68.65","86591"
"25817","Critical","0.02","5.58","2.99","2928","Leslie Woodard","Avery Heavy-Duty EZD ™ Binder With Locking Rings","0.37","United States","Charleston","5/26/2015","5/28/2015","689.328","true","42","236.83","90218"
"25819","Critical","0.02","54.1","19.99","2928","Leslie Woodard","Desktop 3-Pocket Hot File®","0.59","United States","Charleston","5/26/2015","5/27/2015","-33.586","false","36","1944.87","90218"
"21313","Not Specified","0.1","11.55","2.36","2931","Faye Hanna","Newell 309","0.55","United States","El Dorado Hills","2/28/2015","2/28/2015","69.7672","true","12","135.77","87619"
"24866","High","0.01","35.44","19.99","2932","Phyllis Hull","Xerox 1880","0.38","United States","Stratford","4/22/2015","4/23/2015","-52.8228","false","1","55.43","87620"
"24995","Low","0.02","3.8","1.49","2935","Shirley Riley","Durable Pressboard Binders","0.38","United States","Boston","5/11/2015","5/15/2015","7.31","true","5","20.46","87617"
"24865","High","0.03","47.9","5.86","2938","Laurie Case Daniel","Xerox 1938","0.37","United States","Stoneham","4/22/2015","4/25/2015","642.9903","true","20","931.87","87620"
"23567","Critical","0.05","2.62","0.8","2941","Leah Pollock","Staples Metal Binder Clips","0.39","United States","Morristown","5/26/2015","5/27/2015","12.71","true","8","21.41","87618"
"19575","Low","0.04","4.55","1.49","2944","Elsie Lane","Presstex Flexible Ring Binders","0.35","United States","Midland","3/5/2015","3/7/2015","28.288","true","13","59.75","90309"
"26054","Not Specified","0.01","7.64","1.39","2947","Kathy Turner","Security-Tint Envelopes","0.36","United States","Depew","2/4/2015","2/7/2015","112.1181","true","20","162.49","87511"
"25051","Medium","0.07","42.98","4.62","2951","Jordan Womble","Belkin F9M820V08 8 Outlet Surge","0.56","United States","Hays","2/15/2015","2/17/2015","565.386","true","19","819.4","91397"
"25052","Medium","0.03","89.99","42","2951","Jordan Womble","Global Leather Task Chair, Black","0.66","United States","Hays","2/15/2015","2/18/2015","-230.9528","false","19","1809.75","91397"
"25970","Medium","0.08","5.74","5.01","2952","Thelma Murray","Binder Posts","0.39","United States","Grove City","4/15/2015","4/17/2015","-61.62804","false","12","70.03","91398"
"21200","Low","0.09","12.22","2.85","2954","William Sharma","Aluminum Document Frame","0.55","United States","Maplewood","6/18/2015","6/25/2015","70.6767","true","9","102.43","86427"
"24817","Medium","0.1","37.94","5.08","2957","Francis I Davis","Snap-A-Way® Black Print Carbonless Ruled Speed Letter, Triplicate","0.38","United States","Milwaukee","4/2/2015","4/4/2015","95.0544","true","4","137.76","90264"
"25709","Low","0.06","20.99","0.99","2958","Ellen Sparks","Accessory21","0.37","United States","Neenah","3/23/2015","3/28/2015","224.9607","true","18","326.03","90265"
"19923","Not Specified","0.1","36.55","13.89","2960","Allan Dickinson","Dixon Ticonderoga Core-Lock Colored Pencils, 48-Color Set","0.41","United States","Van Buren","4/5/2015","4/7/2015","-89.572","false","11","379.72","90646"
"20390","High","0.07","4.76","0.88","2962","Leonard Strauss","Wirebound Voice Message Log Book","0.39","United States","Louisville","5/7/2015","5/9/2015","33.3477","true","10","48.33","88611"
"22175","Critical","0.01","7.98","6.5","2963","Frances Johnson","Iris Project Case","0.59","United States","Middle River","6/22/2015","6/23/2015","-34.592","false","4","34.91","88612"
"25953","High","0.06","42.98","4.62","2964","Kathy Hinton","Belkin F9M820V08 8 Outlet Surge","0.56","United States","Mount Vernon","4/21/2015","4/23/2015","-24.63","false","1","47.04","88610"
"21390","Not Specified","0.08","9.68","2.03","2968","Miriam Bowman","Wirebound Service Call Books, 5 1/2"" x 4""","0.37","United States","Hollywood","2/22/2015","2/24/2015","-536.242","false","1","10.94","86085"
"21391","Not Specified","0.04","150.98","16.01","2968","Miriam Bowman","Iceberg OfficeWorks 42"" Round Tables","0.7","United States","Hollywood","2/22/2015","2/23/2015","-125.86","false","5","731.38","86085"
"18041","High","0.06","363.25","19.99","2968","Miriam Bowman","Hoover WindTunnel™ Plus Canister Vacuum","0.57","United States","Hollywood","3/28/2015","3/30/2015","36.1641","true","1","344.87","86086"
"21096","High","0.01","30.97","4","2973","Sally Liu","Microsoft Multimedia Keyboard","0.74","United States","New Berlin","4/13/2015","4/15/2015","17.1028","true","17","523.06","87186"
"21097","High","0.08","125.99","7.69","2973","Sally Liu","Timeport L7089","0.58","United States","New Berlin","4/13/2015","4/15/2015","1269.38196","true","23","2424.68","87186"
"24770","Critical","0.1","442.14","14.7","2973","Sally Liu","Okidata ML390 Turbo Dot Matrix Printers","0.56","United States","New Berlin","5/20/2015","5/21/2015","137.68794","true","6","2411.43","87187"
"19599","Medium","0.01","35.99","0.99","2976","Fred Barber","Accessory31","0.35","United States","Oak Creek","5/22/2015","5/23/2015","882.4824","true","41","1278.96","89047"
"20182","Critical","0.09","2.94","0.7","2979","Lloyd Dolan","Newell 338","0.58","United States","Dickinson","1/27/2015","1/28/2015","6.384","true","9","25.22","86544"
"18169","Critical","0.02","5.34","2.99","2979","Lloyd Dolan","Wilson Jones 14 Line Acrylic Coated Pressboard Data Binders","0.38","United States","Dickinson","2/26/2015","2/28/2015","5.2955","true","6","34.73","86545"
"18170","Critical","0.03","40.98","7.47","2979","Lloyd Dolan","Wilson Jones Ledger-Size, Piano-Hinge Binder, 2"", Blue","0.37","United States","Dickinson","2/26/2015","2/27/2015","170.7957","true","6","247.53","86545"
"18133","Not Specified","0.01","5.84","0.83","2979","Lloyd Dolan","Avery Hi-Liter® Smear-Safe Highlighters","0.49","United States","Dickinson","6/14/2015","6/16/2015","16.092","true","4","23.89","86546"
"20183","Critical","0.03","43.98","8.99","2980","Joanna Kenney","Boston 1645 Deluxe Heavier-Duty Electric Pencil Sharpener","0.58","United States","Sandusky","1/27/2015","1/29/2015","274.0788","true","10","454.4","86544"
"20184","Critical","0.06","1.14","0.7","2980","Joanna Kenney","OIC Thumb-Tacks","0.38","United States","Sandusky","1/27/2015","1/30/2015","-3.782","false","13","14.53","86544"
"20435","Medium","0.07","2.61","0.5","2980","Joanna Kenney","Avery 494","0.39","United States","Sandusky","2/25/2015","2/27/2015","10.7985","true","6","15.65","86547"
"23110","Low","0.04","2.88","1.01","2980","Joanna Kenney","Sanford Colorific Colored Pencils, 12/Box","0.55","United States","Sandusky","5/30/2015","6/4/2015","15.246","true","39","111.92","86548"
"20816","Critical","0.09","100.98","35.84","2987","Natalie Watts","Bush Westfield Collection Bookcases, Fully Assembled","0.62","United States","West Des Moines","6/28/2015","6/28/2015","-103.624","false","17","1700.38","91180"
"20817","Critical","0.1","5.78","7.96","2987","Natalie Watts","Xerox 196","0.36","United States","West Des Moines","6/28/2015","6/28/2015","-57.824","false","6","35.96","91180"
"22473","Low","0.05","70.97","3.5","2991","Sean Herbert","Tripp Lite Isotel 8 Ultra 8 Outlet Metal Surge","0.59","United States","Racine","5/8/2015","5/13/2015","18.218","true","2","141.59","91466"
"22476","Low","0","5.28","6.26","2992","Lindsay Webb","Xerox 1928","0.4","United States","Sheboygan","5/8/2015","5/15/2015","25.058","true","36","203.05","91466"
"20891","Not Specified","0.03","10.98","3.37","2999","Kim McCarthy","Fiskars® Softgrip Scissors","0.57","United States","Oak Park","4/10/2015","4/11/2015","11.82","true","5","56.19","87041"
"21499","Low","0.01","10.14","2.27","3000","Priscilla Allen","Staples Wirebound Steno Books, 6"" x 9"", 12/Pack","0.36","United States","Pontiac","1/26/2015","1/28/2015","28.152","true","4","40.8","87042"
"23836","Not Specified","0.03","5.4","7.78","3001","Anthony Foley","3M Organizer Strips","0.37","United States","Port Huron","3/17/2015","3/19/2015","-237.544","false","21","117.87","87043"
"25282","Medium","0.03","85.99","0.99","3003","Roy Rouse","Accessory34","0.55","United States","Coeur D Alene","3/5/2015","3/6/2015","1037.1045","true","20","1503.05","91586"
"7664","Low","0.08","6.48","6.81","3004","Maurice Everett","Xerox 1930","0.36","United States","Los Angeles","2/10/2015","2/15/2015","-94.59","false","58","382.33","54949"
"7665","Low","0.09","20.98","53.03","3004","Maurice Everett","Tennsco Lockers, Gray","0.78","United States","Los Angeles","2/10/2015","2/17/2015","-293.74","false","13","356.61","54949"
"23295","Critical","0.05","122.99","19.99","3005","Teresa Watts","GBC Therma-A-Bind 250T Electric Binding System","0.37","United States","Coeur D Alene","6/8/2015","6/11/2015","1039.7541","true","12","1506.89","91389"
"25664","Low","0.08","6.48","6.81","3006","Thomas Spence","Xerox 1930","0.36","United States","Idaho Falls","2/10/2015","2/15/2015","-49.1868","false","14","92.29","91388"
"25665","Low","0.09","20.98","53.03","3006","Thomas Spence","Tennsco Lockers, Gray","0.78","United States","Idaho Falls","2/10/2015","2/17/2015","-152.7448","false","3","82.29","91388"
"23627","Critical","0.05","9.99","4.78","3008","Penny Rich","Xerox 1896","0.4","United States","Minnetonka Mills","3/6/2015","3/7/2015","41.3","true","20","203.37","89414"
"24908","High","0.01","12.28","6.47","3008","Penny Rich","Xerox 1881","0.38","United States","Minnetonka Mills","6/11/2015","6/12/2015","47.61","true","12","160.66","89415"
"7898","Critical","0.03","5.98","5.35","3011","Tammy Raynor","Xerox 1947","0.4","United States","Boston","5/28/2015","5/29/2015","-23.5","false","16","107.08","56486"
"1041","Critical","0.03","300.65","24.49","3011","Tammy Raynor","Honeywell Enviracaire Portable HEPA Air Cleaner for 17' x 22' Room","0.52","United States","Boston","4/28/2015","4/30/2015","1282.496","true","32","9705.46","7623"
"1042","Critical","0.06","49.99","19.99","3011","Tammy Raynor","US Robotics 56K V.92 Internal PCI Faxmodem","0.45","United States","Boston","4/28/2015","4/30/2015","17.2","true","67","3247.54","7623"
"1043","Critical","0.1","104.85","4.65","3011","Tammy Raynor","Xerox 1941","0.37","United States","Boston","4/28/2015","4/29/2015","1184.12","true","58","5582.63","7623"
"19041","Critical","0.03","300.65","24.49","3012","Annie Livingston","Honeywell Enviracaire Portable HEPA Air Cleaner for 17' x 22' Room","0.52","United States","Rochester","4/28/2015","4/30/2015","1474.8704","true","8","2426.36","86346"
"19042","Critical","0.06","49.99","19.99","3012","Annie Livingston","US Robotics 56K V.92 Internal PCI Faxmodem","0.45","United States","Rochester","4/28/2015","4/30/2015","19.78","true","17","824","86346"
"19043","Critical","0.1","104.85","4.65","3012","Annie Livingston","Xerox 1941","0.37","United States","Rochester","4/28/2015","4/29/2015","929.7957","true","14","1347.53","86346"
"22064","Critical","0.01","5.58","5.3","3017","Melvin Benton","Staples Brown Kraft Recycled Clasp Envelopes","0.35","United States","Encinitas","1/9/2015","1/10/2015","-7.25","false","1","11.16","89071"
"22065","Critical","0.03","3.98","0.7","3017","Melvin Benton","4009® Highlighters by Sanford","0.52","United States","Encinitas","1/9/2015","1/10/2015","31.2018","true","11","45.22","89071"
"18950","Low","0.01","4.98","4.75","3035","Tina Evans","Hammermill CopyPlus Copy Paper (20Lb. and 84 Bright)","0.36","United States","Lombard","1/15/2015","1/20/2015","-75.9004","false","10","52.93","89128"
"18951","Low","0.04","6.35","1.02","3035","Tina Evans","Telephone Message Books with Fax/Mobile Section, 5 1/2"" x 3 3/16""","0.39","United States","Lombard","1/15/2015","1/20/2015","52.1709","true","12","75.61","89128"
"19849","Not Specified","0.02","12.99","14.37","3036","Edith Reynolds","Tensor ""Hersey Kiss"" Styled Floor Lamp","0.73","United States","Mandan","1/16/2015","1/18/2015","-159.86","false","5","67.64","89129"
"19850","Not Specified","0.05","35.44","7.5","3036","Edith Reynolds","Xerox 1906","0.38","United States","Mandan","1/16/2015","1/18/2015","165.8898","true","7","240.42","89129"
"19851","Not Specified","0.02","12.98","3.14","3036","Edith Reynolds","Acme® 8"" Straight Scissors","0.6","United States","Mandan","1/16/2015","1/19/2015","75.01","true","14","184.4","89129"
"22201","Critical","0.08","178.47","19.99","3036","Edith Reynolds","Hot File® 7-Pocket, Floor Stand","0.55","United States","Mandan","3/13/2015","3/16/2015","2267.22","true","22","3802.01","89130"
"19381","Not Specified","0.08","73.98","4","3041","Carrie Duke","Keytronic 105-Key Spanish Keyboard","0.77","United States","Garden City","5/15/2015","5/18/2015","97.1599999999999","true","17","1181.67","86102"
"19382","Not Specified","0.02","3.68","1.32","3041","Carrie Duke","*Staples* vLetter Openers, 2/Pack","0.83","United States","Garden City","5/15/2015","5/17/2015","-20.65","false","8","29.93","86102"
"20049","Medium","0.07","14.48","6.46","3042","Tara Gold","GBC White Gloss Covers, Plain Front","0.38","United States","Hutchinson","2/4/2015","2/5/2015","67.864","true","12","171.33","86101"
"21475","High","0","6.48","5.19","3045","Jordan Beard","Xerox 1995","0.37","United States","Leavenworth","6/6/2015","6/7/2015","-14.075","false","12","84.04","86104"
"24415","High","0.05","120.98","30","3046","Andrew Pearce","Hon Every-Day® Chair Series Swivel Task Chairs","0.64","United States","Leawood","2/12/2015","2/14/2015","-78.7592","false","2","251.06","86103"
"23188","High","0.06","276.2","24.49","3048","Tracy G Starr","SAFCO Arco Folding Chair","","United States","Berkeley","3/5/2015","3/7/2015","1167.38","true","10","2610.56","89789"
"25904","Medium","0.06","125.99","2.5","3053","Robin Tyler","i2000","0.6","United States","Murray","2/3/2015","2/5/2015","402.066","true","11","1173.76","86662"
"20516","Medium","0.07","8.33","1.99","3063","Ann Steele","80 Minute Slim Jewel Case CD-R , 10/Pack - Staples","0.52","United States","Kirkland","2/26/2015","2/28/2015","11.95","true","6","50.28","88447"
"20517","Medium","0.03","499.99","24.49","3063","Ann Steele","Sharp AL-1530CS Digital Copier","0.36","United States","Kirkland","2/26/2015","2/27/2015","1773.6105","true","5","2570.45","88447"
"19652","Not Specified","0.03","20.99","0.99","3063","Ann Steele","Accessory25","0.57","United States","Kirkland","5/24/2015","5/26/2015","4.18220000000001","true","9","158.87","88449"
"23811","Low","0.03","6.45","1.34","3064","Clarence Crowder","Wirebound Four 2-3/4 x 5 Forms per Page, 400 Sets per Book","0.36","United States","Lacey","1/14/2015","1/19/2015","39.1299","true","9","56.71","88448"
"25239","Not Specified","0.06","355.98","58.92","3067","Carole Miller","Hon 4700 Series Mobuis™ Mid-Back Task Chairs with Adjustable Arms","0.64","United States","Austintown","3/2/2015","3/3/2015","1660.92","true","14","5086.08","91376"
"21027","High","0.03","120.98","30","3069","Tiffany Merrill","Hon Every-Day® Chair Series Swivel Task Chairs","0.64","United States","Oakdale","6/1/2015","6/3/2015","638.028","true","15","1894.45","88191"
"21028","High","0.01","15.68","3.73","3069","Tiffany Merrill","Artistic Insta-Plaque","0.46","United States","Oakdale","6/1/2015","6/3/2015","138.4968","true","12","200.72","88191"
"22213","Critical","0.09","1.82","0.83","3069","Tiffany Merrill","Newell 307","0.57","United States","Oakdale","2/14/2015","2/15/2015","-6.734","false","22","36.82","88192"
"2063","Low","0.06","19.23","6.15","3075","Gordon Brandt","Executive Impressions 13"" Clairmont Wall Clock","0.44","United States","Los Angeles","2/28/2015","2/28/2015","-25.38","false","4","84.6","14756"
"19739","Medium","0","137.48","32.18","3076","Peter Hardy","O'Sullivan Cherrywood Estates Traditional Barrister Bookcase","0.78","United States","Stow","1/7/2015","1/8/2015","-203.27","false","2","296.75","88241"
"23816","Medium","0.07","300.97","7.18","3077","Lynne Reid","Gyration Ultra Professional Cordless Optical Suite","0.48","United States","Strongsville","5/7/2015","5/9/2015","-807.59","false","2","582.2","88239"
"25489","Not Specified","0.04","35.44","5.09","3078","Kate McKenna","Xerox 1932","0.38","United States","Toledo","6/11/2015","6/11/2015","118.6317","true","5","171.93","88240"
"25490","Not Specified","0.08","3.98","0.7","3078","Kate McKenna","4009® Highlighters by Sanford","0.52","United States","Toledo","6/11/2015","6/14/2015","23.304","true","9","35.19","88240"
"5816","Medium","0.07","300.97","7.18","3079","Andrew Levine","Gyration Ultra Professional Cordless Optical Suite","0.48","United States","Philadelphia","5/7/2015","5/9/2015","-807.59","false","7","2037.69","41253"
"7489","Not Specified","0.04","35.44","5.09","3079","Andrew Levine","Xerox 1932","0.38","United States","Philadelphia","6/11/2015","6/11/2015","150.72","true","21","722.1","53476"
"7490","Not Specified","0.08","3.98","0.7","3079","Andrew Levine","4009® Highlighters by Sanford","0.52","United States","Philadelphia","6/11/2015","6/14/2015","19.42","true","36","140.78","53476"
"7491","Not Specified","0.01","1.76","0.7","3079","Andrew Levine","Newell 310","0.56","United States","Philadelphia","6/11/2015","6/12/2015","3.13","true","71","129.72","53476"
"7492","Not Specified","0.01","193.17","19.99","3079","Andrew Levine","Fellowes Staxonsteel® Drawer Files","0.71","United States","Philadelphia","6/11/2015","6/11/2015","1141.07","true","63","12190.98","53476"
"1739","Medium","0","137.48","32.18","3079","Andrew Levine","O'Sullivan Cherrywood Estates Traditional Barrister Bookcase","0.78","United States","Philadelphia","1/7/2015","1/8/2015","-203.27","false","10","1483.76","12480"
"6807","Critical","0","2.21","1","3079","Andrew Levine","Quartet Alpha® White Chalk, 12/Pack","0.38","United States","Philadelphia","6/10/2015","6/11/2015","10.01","true","33","87.18","48483"
"19756","High","0","65.99","5.99","3084","Debbie Hsu","i1000","0.58","United States","Lacey","4/20/2015","4/22/2015","313.812","true","14","798.89","89879"
"20589","Not Specified","0.01","7.1","6.05","3084","Debbie Hsu","Wilson Jones Hanging View Binder, White, 1""","0.39","United States","Lacey","6/24/2015","6/25/2015","-39.18625","false","18","133.19","89880"
"20590","Not Specified","0.05","18.97","9.03","3084","Debbie Hsu","Computer Printout Paper with Letter-Trim Perforations","0.37","United States","Lacey","6/24/2015","6/25/2015","-1.89","false","5","97.33","89880"
"20008","High","0.05","39.99","10.25","3086","Ted Durham","Zoom V.92 V.44 PCI Internal Controllerless FaxModem","0.55","United States","North Port","5/18/2015","5/19/2015","4.29","true","3","130.91","88380"
"21085","Low","0.07","49.43","19.99","3089","Sandy Cannon","Eureka Hand Vacuum, Bagless","0.57","United States","Leawood","1/24/2015","1/29/2015","-122.77","false","6","281.82","91219"
"20357","Critical","0.09","207.48","0.99","3095","Milton Lindsay","Kensington 7 Outlet MasterPiece Power Center with Fax/Phone Line Protection","0.55","United States","Hamilton","1/19/2015","1/21/2015","683.9556","true","5","991.24","86220"
"21235","High","0.08","40.98","7.2","3096","Mike Howard","Kensington 6 Outlet SmartSocket Surge Protector","0.6","United States","Hilliard","5/24/2015","5/25/2015","-16.64","false","3","119.86","86221"
"21236","High","0.08","8.12","2.83","3096","Mike Howard","Imation Neon Mac Format Diskettes, 10/Pack","0.77","United States","Hilliard","5/24/2015","5/25/2015","-59.73","false","12","98.77","86221"
"21237","High","0.02","262.11","62.74","3096","Mike Howard","Bevis Boat-Shaped Conference Table","0.75","United States","Hilliard","5/24/2015","5/25/2015","-633.441237","false","9","2495.35","86221"
"25999","Critical","0.04","33.89","5.1","3096","Mike Howard","File Shuttle II and Handi-File, Black","0.6","United States","Hilliard","6/17/2015","6/18/2015","72.984","true","6","200.83","86222"
"19816","Critical","0.05","35.44","5.09","3098","Lorraine Boykin","Xerox 1932","0.38","United States","Shirley","4/8/2015","4/9/2015","240.1752","true","10","348.08","89314"
"22503","Low","0","11.7","6.96","3098","Lorraine Boykin","Harmony HEPA Quiet Air Purifiers","0.5","United States","Shirley","6/17/2015","6/19/2015","-11.248","false","10","131.69","89315"
"18930","Low","0.06","2.89","0.5","3098","Lorraine Boykin","Avery 498","0.38","United States","Shirley","2/28/2015","2/28/2015","9.6117","true","5","13.93","89316"
"19805","Critical","0.07","35.99","5","3100","Gladys Holloway","Accessory17","0.82","United States","Oakland Park","3/25/2015","3/27/2015","-299.8142","false","1","31.71","89988"
"18087","Critical","0.04","3.08","0.99","3105","Lawrence Hester","Avery 481","0.37","United States","Murray","3/20/2015","3/21/2015","13.8","true","19","60.01","86327"
"18088","Critical","0.02","6.48","5.9","3105","Lawrence Hester","Xerox 1976","0.37","United States","Murray","3/20/2015","3/21/2015","4.392","true","13","90.98","86327"
"18089","Critical","0.04","125.99","4.2","3105","Lawrence Hester","V3682","0.59","United States","Murray","3/20/2015","3/22/2015","-236.25","false","12","1270.7","86327"
"87","Critical","0.04","3.08","0.99","3106","Alexander O'Brien","Avery 481","0.37","United States","Houston","3/20/2015","3/21/2015","36.02","true","75","236.87","548"
"88","Critical","0.02","6.48","5.9","3106","Alexander O'Brien","Xerox 1976","0.37","United States","Houston","3/20/2015","3/21/2015","-50.64","false","53","370.91","548"
"89","Critical","0.04","125.99","4.2","3106","Alexander O'Brien","V3682","0.59","United States","Houston","3/20/2015","3/22/2015","510.489","true","47","4976.92","548"
"21120","Not Specified","0.07","34.54","14.72","3113","Wayne English","GBC Recycled Grain Textured Covers","0.37","United States","New Iberia","5/17/2015","5/18/2015","-20.18226","false","17","574.97","86860"
"21121","Not Specified","0.02","12.28","6.47","3113","Wayne English","Xerox 1881","0.38","United States","New Iberia","5/17/2015","5/17/2015","-156.9722","false","9","115.22","86860"
"21122","Not Specified","0.06","34.58","8.99","3113","Wayne English","Panasonic KP-350BK Electric Pencil Sharpener with Auto Stop","0.56","United States","New Iberia","5/17/2015","5/19/2015","384.5043","true","13","456.58","86860"
"20795","Critical","0.08","349.45","60","3119","Jay Hubbard","SAFCO PlanMaster Heigh-Adjustable Drafting Table Base, 43w x 30d x 30-37h, Black","","United States","Orlando","6/30/2015","7/2/2015","513.084","true","11","3772.19","86432"
"25473","Not Specified","0.08","315.98","19.99","3120","Daniel Christian","GBC ProClick™ 150 Presentation Binding System","0.38","United States","New Orleans","6/14/2015","6/14/2015","44.52","true","9","2642.48","90160"
"23764","Low","0.02","7.1","6.05","3123","Jamie Manning","Wilson Jones Hanging View Binder, White, 1""","0.39","United States","Melrose Park","1/7/2015","1/9/2015","-48.875","false","8","61.5","87287"
"25060","Not Specified","0.05","120.98","9.07","3124","Neil Barbee","GBC VeloBinder Electric Binding Machine","0.35","United States","Moline","5/30/2015","5/31/2015","881.0472","true","11","1276.88","87286"
"25352","High","0.08","120.97","26.3","3125","Guy McDonald","Canon S750 Color Inkjet Printer","0.38","United States","Mount Prospect","1/5/2015","1/7/2015","-233.840688","false","2","233.58","87285"
"24457","Low","0.08","3.69","2.5","3128","Cathy Burgess","Colored Envelopes","0.39","United States","Shreveport","6/25/2015","6/30/2015","-139.076","false","9","31.98","89810"
"20483","High","0.1","180.98","26.2","3132","Anita Kang","Global Ergonomic Managers Chair","0.59","United States","Mundelein","6/22/2015","6/23/2015","-64.664","false","3","519.42","86790"
"19258","Medium","0.04","62.05","3.99","3132","Anita Kang","Acco Smartsocket™ Table Surge Protector, 6 Color-Coded Adapter Outlets","0.55","United States","Mundelein","5/17/2015","5/18/2015","1644.0768","true","40","2382.72","86794"
"22459","Medium","0.1","5.81","8.49","3133","Kristine Singleton","Fellowes Black Plastic Comb Bindings","0.39","United States","Naperville","1/16/2015","1/17/2015","-350.4395","false","12","64.96","86789"
"22460","Medium","0.03","1.81","0.75","3133","Kristine Singleton","Assorted Color Push Pins","0.52","United States","Naperville","1/16/2015","1/17/2015","4.2028","true","10","19.14","86789"
"21719","Critical","0.08","5.4","7.78","3133","Kristine Singleton","3M Organizer Strips","0.37","United States","Naperville","3/4/2015","3/4/2015","-44.068","false","4","25.35","86792"
"21720","Critical","0.09","8.46","8.99","3133","Kristine Singleton","Imation 3.5 IBM Diskettes, 10/Box","0.79","United States","Naperville","3/4/2015","3/7/2015","-100.51","false","5","45.03","86792"
"21721","Critical","0.21","14.98","8.99","3133","Kristine Singleton","GE 4 Foot Flourescent Tube, 40 Watt","0.39","United States","Naperville","3/4/2015","3/5/2015","-17.75","false","10","153.87","86792"
"21722","Critical","0.04","155.99","8.08","3133","Kristine Singleton","300 Series Non-Flip","0.6","United States","Naperville","3/4/2015","3/5/2015","1374.948","true","22","2800.33","86792"
"23898","Critical","0.03","150.89","60.2","3136","Lee Hancock","Global Leather & Oak Executive Chair, Burgundy","0.77","United States","Sanford","2/22/2015","2/22/2015","-677.872","false","23","3596.03","86791"
"24691","Not Specified","0.09","304.99","19.99","3137","Alison Sharp","Ibico Hi-Tech Manual Binding System","0.4","United States","Laconia","6/8/2015","6/9/2015","1623.9495","true","8","2353.55","86795"
"23706","Not Specified","0.05","4.06","6.89","3138","Herbert Donnelly Swanson","Eureka Disposable Bags for Sanitaire® Vibra Groomer I® Upright Vac","0.6","United States","Londonderry","6/19/2015","6/21/2015","-122.835","false","22","92.57","86796"
"23427","Critical","0.09","280.98","57","3139","David Powell","Hon 2090 “Pillow Soft” Series Mid Back Swivel/Tilt Chairs","0.78","United States","Cranford","5/2/2015","5/5/2015","252.488","true","31","7974.21","86793"
"18917","Low","0.09","6.84","8.37","3141","Jerome McIntosh","Acme Design Line 8"" Stainless Steel Bent Scissors w/Champagne Handles, 3-1/8"" Cut","0.58","United States","Pasadena","6/1/2015","6/8/2015","-88.585","false","13","87.1","86369"
"18918","Low","0.07","48.91","35","3141","Jerome McIntosh","Tennsco Industrial Shelving","0.83","United States","Pasadena","6/1/2015","6/3/2015","-485.68","false","15","736.86","86369"
"26039","Medium","0.02","15.42","5.41","3143","Neil Song","Decoflex Hanging Personal Folder File","0.59","United States","Pflugerville","3/24/2015","3/25/2015","-16.37","false","2","33.84","86368"
"19193","Critical","0.03","3.36","6.27","3146","Maureen Stout","Cardinal Poly Pocket Divider Pockets for Ring Binders","0.4","United States","Pharr","1/4/2015","1/5/2015","-94.2586","false","4","14.9","85850"
"19194","Critical","0.07","3.71","1.93","3146","Maureen Stout","""While you Were Out"" Message Book, One Form per Page","0.35","United States","Pharr","1/4/2015","1/6/2015","6.3308","true","11","39.64","85850"
"24200","Medium","0.06","19.99","11.17","3148","Leroy Field","Telescoping Adjustable Floor Lamp","0.6","United States","Post Falls","1/14/2015","1/14/2015","-66.8236","false","7","139.49","89716"
"24202","Medium","0.06","320.98","58.95","3149","Harriet Moore","Hon 4070 Series Pagoda™ Round Back Stacking Chairs","0.57","United States","Rexburg","1/14/2015","1/16/2015","971.622","true","6","1952.43","89716"
"19625","Not Specified","0.01","145.98","46.2","3151","Glenda Hunter","Bevis Rectangular Conference Tables","0.69","United States","Twentynine Palms","6/3/2015","6/3/2015","-134.512","false","9","1370.79","88543"
"19618","Critical","0.01","3502.14","8.73","3151","Glenda Hunter","Okidata Pacemark 4410N Wide Format Dot Matrix Printer","0.57","United States","Twentynine Palms","2/4/2015","2/5/2015","-4075.933992","false","1","3501.79","88544"
"19619","Critical","0.06","15.73","7.42","3151","Glenda Hunter","Acme Galleria® Hot Forged Steel Scissors with Colored Handles","0.56","United States","Twentynine Palms","2/4/2015","2/5/2015","-18.5588","false","4","63.04","88544"
"23322","Not Specified","0.05","25.99","5.37","3151","Glenda Hunter","BOSTON® Ranger® #55 Pencil Sharpener, Black","0.56","United States","Twentynine Palms","2/16/2015","2/18/2015","220.3572","true","18","451.35","88545"
"24723","Medium","0.04","17.24","3.26","3151","Glenda Hunter","Fiskars 8"" Scissors, 2/Pack","0.56","United States","Twentynine Palms","2/28/2015","2/28/2015","47.73","true","7","119.6","88546"
"24329","Medium","0.02","5.98","1.49","3151","Glenda Hunter","Avery Hanging File Binders","0.39","United States","Twentynine Palms","3/11/2015","3/12/2015","28.526","true","10","59.9","88547"
"21734","High","0.01","99.23","8.99","3151","Glenda Hunter","GE 48"" Fluorescent Tube, Cool White Energy Saver, 34 Watts, 30/Box","0.35","United States","Twentynine Palms","3/29/2015","4/2/2015","-87.46","false","1","99.22","88548"
"21436","High","0.08","150.98","13.99","3154","Faye Manning","Canon MP41DH Printing Calculator","0.38","United States","Saint Petersburg","1/26/2015","1/27/2015","-3.948","false","8","1183.82","86899"
"20253","Critical","0.03","17.7","9.47","3154","Faye Manning","Portfile® Personal File Boxes","0.59","United States","Saint Petersburg","5/28/2015","5/30/2015","28.1826","true","11","201.77","86900"
"18635","Critical","0.04","21.38","8.99","3154","Faye Manning","Boston 1730 StandUp Electric Pencil Sharpener","0.59","United States","Saint Petersburg","3/30/2015","3/30/2015","-51.66","false","21","443.66","86901"
"23392","Critical","0.02","60.22","3.5","3155","Julian Keith Mayer","Fellowes Smart Surge Ten-Outlet Protector, Platinum","0.57","United States","Sanford","1/20/2015","1/21/2015","-193.914","false","9","541.76","86898"
"21437","High","0.03","25.98","14.36","3155","Julian Keith Mayer","Global Stack Chair without Arms, Black","0.6","United States","Sanford","1/26/2015","1/27/2015","57.546","true","4","107.66","86899"
"21438","High","0.1","32.48","35","3155","Julian Keith Mayer","Fellowes Neat Ideas® Storage Cubes","0.81","United States","Sanford","1/26/2015","1/27/2015","-333.4254","false","10","318.83","86899"
"22015","Critical","0.05","159.99","5.5","3155","Julian Keith Mayer","Gyration RF Keyboard","0.49","United States","Sanford","4/19/2015","4/21/2015","12.264","true","23","3600.65","86902"
"19374","Not Specified","0.07","280.98","57","3167","Ray Silverman","Hon 2090 “Pillow Soft” Series Mid Back Swivel/Tilt Chairs","0.78","United States","Ponte Vedra Beach","6/19/2015","6/20/2015","-283.9914","false","14","3936.61","86491"
"19375","Not Specified","0","4.98","7.44","3167","Ray Silverman","Xerox 1922","0.36","United States","Ponte Vedra Beach","6/19/2015","6/21/2015","-195.342","false","15","78.31","86491"
"19376","Not Specified","0.1","3.98","0.83","3167","Ray Silverman","Fluorescent Highlighters by Dixon","0.51","United States","Ponte Vedra Beach","6/19/2015","6/21/2015","-89.7092","false","11","42.46","86491"
"25683","Critical","0.08","7.28","11.15","3169","Janice Boswell","Array® Parchment Paper, Assorted Colors","0.37","United States","Port Orange","4/13/2015","4/14/2015","-44.415","false","1","14.66","86490"
"26055","Medium","0.1","7.28","5.47","3170","Lawrence Haas","Southworth Structures Collection™","0.35","United States","Port Saint Lucie","2/13/2015","2/13/2015","167.334","true","12","83.14","86489"
"21961","High","0.06","10.97","6.5","3176","Jackie McCullough","Micro Innovations 104 Keyboard","0.64","United States","Jacksonville","5/4/2015","5/6/2015","65.598","true","19","215.25","90820"
"20964","Low","0.02","58.14","36.61","3176","Jackie McCullough","O'Sullivan 3-Shelf Heavy-Duty Bookcases","0.61","United States","Jacksonville","6/25/2015","7/1/2015","0.258","true","22","1358.02","90821"
"20965","Low","0.03","15.57","1.39","3176","Jackie McCullough","Park Ridge™ Embossed Executive Business Envelopes","0.38","United States","Jacksonville","6/25/2015","7/1/2015","63.222","true","22","358.84","90821"
"24493","Not Specified","0.1","62.18","10.84","3177","Laurie Petty","Deflect-o Glass Clear Studded Chair Mats","0.63","United States","Jupiter","3/14/2015","3/16/2015","-29.666","false","9","511.57","90818"
"22086","Critical","0.06","1.68","1","3177","Laurie Petty","Prang Dustless Chalk Sticks","0.35","United States","Jupiter","3/31/2015","4/2/2015","-1319.5","false","5","8.65","90819"
"21554","Low","0.07","35.44","7.5","3179","Marie Pittman","Xerox 1906","0.38","United States","Owatonna","6/12/2015","6/19/2015","262.2","true","11","380","86989"
"24464","High","0.08","170.98","35.89","3187","Sidney Gilliam","Rush Hierlooms Collection 1"" Thick Stackable Bookcases","0.66","United States","Riverview","3/2/2015","3/4/2015","-119.812","false","1","199.48","89025"
"20127","Critical","0.01","20.99","4.81","3191","Jenny Hawkins","1726 Digital Answering Machine","0.58","United States","Stevens Point","3/18/2015","3/18/2015","-9.108","false","5","93.81","86447"
"20303","High","0.09","35.94","6.66","3191","Jenny Hawkins","Tyvek ® Top-Opening Peel & Seel ® Envelopes, Gray","0.4","United States","Stevens Point","4/10/2015","4/12/2015","172.5644","true","9","312.22","86448"
"22846","Medium","0.1","4.98","7.54","3194","Angela Rose","Xerox 1961","0.38","United States","Spring Hill","3/10/2015","3/11/2015","45.078","true","9","43.84","89805"
"22847","Medium","0","22.84","8.18","3194","Angela Rose","Xerox 1991","0.39","United States","Spring Hill","3/10/2015","3/12/2015","-110.376","false","6","141.74","89805"
"3406","Not Specified","0.03","200.97","15.59","3196","Rick Foster Hawkins","Hewlett-Packard Deskjet 6122 Color Inkjet Printer","0.36","United States","San Francisco","2/2/2015","2/3/2015","1951.3","true","43","8717.75","24294"
"21406","Not Specified","0.03","200.97","15.59","3197","Wallace Pugh","Hewlett-Packard Deskjet 6122 Color Inkjet Printer","0.36","United States","Northbrook","2/2/2015","2/3/2015","1538.7828","true","11","2230.12","90850"
"18437","Low","0.07","5.98","0.96","3205","Alvin Mullins","Newell 315","0.6","United States","Rexburg","3/30/2015","4/3/2015","32.83","true","10","56.4","87933"
"18438","Low","0.01","39.98","4","3206","Dana Rankin","Microsoft Natural Keyboard Elite","0.7","United States","Twin Falls","3/30/2015","4/4/2015","51.5900000000001","true","6","257.52","87933"
"21229","Not Specified","0.06","218.08","18.06","3206","Dana Rankin","Lifetime Advantage™ Folding Chairs, 4/Carton","0.57","United States","Twin Falls","5/21/2015","5/23/2015","969.42","true","7","1488.51","87934"
"20156","Not Specified","0.05","35.44","5.09","3206","Dana Rankin","Xerox 1932","0.38","United States","Twin Falls","5/28/2015","5/29/2015","553.3317","true","23","801.93","87935"
"24637","Critical","0.03","4.98","4.62","3209","Elsie Floyd","Imation 3.5"", DISKETTE 44766 HGHLD3.52HD/FM, 10/Pack","0.64","United States","Beverly Hills","6/28/2015","6/29/2015","-30.45","false","8","44.24","90739"
"22804","High","0.1","7.31","0.49","3211","Jonathan Crabtree","Self-Adhesive Address Labels for Typewriters by Universal","0.38","United States","Addison","2/15/2015","2/16/2015","55.0206","true","12","79.74","91522"
"22805","High","0.1","20.99","2.5","3211","Jonathan Crabtree","Accessory37","0.81","United States","Addison","2/15/2015","2/16/2015","-43.65504","false","23","392.45","91522"
"23736","Not Specified","0.03","6.68","1.5","3221","Sean Pugh","Sanford Liquid Accent Highlighters","0.48","United States","Sunrise","4/12/2015","4/13/2015","-577.304","false","7","48.32","90815"
"25605","High","0.04","39.48","1.99","3222","Diane Lu","80 Minute CD-R Spindle, 100/Pack - Staples","0.54","United States","Tallahassee","3/19/2015","3/19/2015","-1535.4864","false","8","332.16","90814"
"25606","High","0","8.12","2.83","3222","Diane Lu","Imation Neon Mac Format Diskettes, 10/Pack","0.77","United States","Tallahassee","3/19/2015","3/20/2015","-159.32","false","17","147.62","90814"
"19517","Critical","0.06","60.98","30","3224","Claudia White","Novimex Fabric Task Chair","0.7","United States","Gallatin","4/1/2015","4/2/2015","-74.088","false","2","125.9","86508"
"22291","Not Specified","0.1","208.16","68.02","3225","Robyn Crawford","1.7 Cubic Foot Compact ""Cube"" Office Refrigerators","0.58","United States","Germantown","1/14/2015","1/14/2015","-137.522","false","4","768.81","86507"
"22292","Not Specified","0.07","90.48","19.99","3226","Arthur Gold","Tyvek® Side-Opening Peel & Seel® Expanding Envelopes","0.4","United States","Hendersonville","1/14/2015","1/15/2015","-11.816","false","2","183.39","86507"
"22293","Not Specified","0.01","9.48","7.29","3226","Arthur Gold","DAX Two-Tone Rosewood/Black Document Frame, Desktop, 5 x 7","0.45","United States","Hendersonville","1/14/2015","1/16/2015","238.9338","true","1","12.9","86507"
"22294","Not Specified","0.02","4.28","0.94","3226","Arthur Gold","Newell 336","0.56","United States","Hendersonville","1/14/2015","1/15/2015","-105.126","false","4","17.89","86507"
"24343","Medium","0.06","22.24","1.99","3226","Arthur Gold","Verbatim DVD-R, 3.95GB, SR, Mitsubishi Branded, Jewel","0.43","United States","Hendersonville","6/28/2015","6/30/2015","95.388","true","12","255.88","86509"
"18940","Not Specified","0.01","24.95","2.99","3229","Sharon Kessler","Large Capacity Hanging Post Binders","0.39","United States","Superior","1/21/2015","1/22/2015","261.3858","true","15","378.82","87435"
"18941","Not Specified","0","15.98","8.99","3230","Monica Stuart","Imation 3.5"" DS/HD IBM Formatted Diskettes, 50/Pack","0.64","United States","Waukesha","1/21/2015","1/23/2015","-135.46","false","9","152.18","87435"
"19062","Critical","0.06","4.91","5.68","3230","Monica Stuart","Acco Pressboard Covers with Storage Hooks, 14 7/8"" x 11"", Light Blue","0.36","United States","Waukesha","6/13/2015","6/13/2015","-31.68825","false","10","53.89","87436"
"19063","Critical","0.07","48.94","5.86","3230","Monica Stuart","Xerox 1916","0.35","United States","Waukesha","6/13/2015","6/14/2015","690.7038","true","21","1001.02","87436"
"19179","Low","0.06","115.99","5.92","3238","Kathleen P Bloom","8890","0.58","United States","Corvallis","6/4/2015","6/6/2015","-13.068","false","5","495.82","89564"
"23084","High","0","7.28","3.52","3243","Marlene Phillips","Imation 3.5"" DS-HD Macintosh Formatted Diskettes, 10/Pack","0.68","United States","Bristol","6/10/2015","6/10/2015","-25.104","false","3","24.44","88329"
"23267","Low","0.06","5.18","2.04","3246","Wanda Harris","Array® Memo Cubes","0.36","United States","Hudson","4/1/2015","4/1/2015","1.9504","true","4","21.86","88330"
"18265","High","0.07","2.78","1.49","3248","Earl Donnelly","Wilson Jones Suede Grain Vinyl Binders","0.36","United States","Slidell","5/7/2015","5/8/2015","-340.5311","false","17","47.12","87297"
"25820","High","0.03","42.8","2.99","3249","Nicole Goldstein","Wilson Jones Elliptical Ring 3 1/2"" Capacity Binders, 800 sheets","0.36","United States","Annapolis","5/23/2015","5/24/2015","462.921","true","16","670.9","87298"
"5511","Critical","0.02","5.28","6.26","3251","Peter Brooks","Xerox 1928","0.4","United States","New York City","6/11/2015","6/12/2015","-131.16","false","76","412.72","39076"
"23324","Critical","0.01","11.34","5.01","3252","Milton Harrell","Xerox 188","0.36","United States","Rotterdam","3/30/2015","4/1/2015","-11.83","false","1","14.52","87296"
"23511","Critical","0.02","5.28","6.26","3252","Milton Harrell","Xerox 1928","0.4","United States","Rotterdam","6/11/2015","6/12/2015","-65.58","false","19","103.18","87299"
"21046","Critical","0.06","47.98","3.61","3255","Maureen Whitley","DS/HD IBM Formatted Diskettes, 200/Pack - Staples","0.71","United States","Tamarac","2/18/2015","2/20/2015","596.808","true","2","97.96","90488"
"18728","Not Specified","0.01","349.45","60","3257","Sharon Marcus","SAFCO PlanMaster Heigh-Adjustable Drafting Table Base, 43w x 30d x 30-37h, Black","","United States","Longview","5/26/2015","5/27/2015","3739.3929","true","15","5419.41","88825"
"21852","Medium","0","25.38","8.99","3257","Sharon Marcus","Executive Impressions 13"" Chairman Wall Clock","0.5","United States","Longview","5/13/2015","5/15/2015","470.338","true","26","700.41","88826"
"23010","Not Specified","0.02","55.94","6.55","3258","Gretchen Best Wilkins","Fellowes Smart Design 104-Key Enhanced Keyboard, PS/2 Adapter, Platinum","0.68","United States","Lynnwood","3/21/2015","3/23/2015","401.85","true","11","646.88","88824"
"22576","Not Specified","0.07","105.34","24.49","3261","Steven Long","Deflect-o DuraMat Antistatic Studded Beveled Mat for Medium Pile Carpeting","0.61","United States","Adrian","6/25/2015","6/26/2015","710.6724","true","10","1029.96","90296"
"19214","Medium","0.04","9.99","11.59","3264","Becky Puckett","Hammermill Color Copier Paper (28Lb. and 96 Bright)","0.4","United States","Eureka","5/19/2015","5/21/2015","-92.32","false","5","52.09","89835"
"21459","Critical","0","122.99","70.2","3266","Edgar Kumar","Global High-Back Leather Tilter, Burgundy","0.74","United States","Sanford","1/28/2015","1/29/2015","-1764.29","false","14","1794.88","89836"
"21458","Critical","0.01","60.97","4.5","3269","Billie Stern","Tripp Lite Isotel 6 Outlet Surge Protector with Fax/Modem Protection","0.56","United States","North Plainfield","1/28/2015","1/30/2015","527.8776","true","12","765.04","89836"
"19047","Low","0.02","13.48","4.51","3275","Tamara Dickinson","Tenex Personal Project File with Scoop Front Design, Black","0.59","United States","Mount Vernon","3/21/2015","3/23/2015","34.52","true","9","127.12","86233"
"19232","Low","0.04","449.99","24.49","3275","Tamara Dickinson","Canon PC940 Copier","0.52","United States","Mount Vernon","1/1/2015","1/5/2015","3576.8841","true","12","5183.89","86234"
"19233","Low","0.01","5.84","1.2","3275","Tamara Dickinson","Newell 312","0.55","United States","Mount Vernon","1/1/2015","1/10/2015","20.38","true","6","36.09","86234"
"20039","High","0.06","89.83","35","3279","Ricky Allred","Fellowes Officeware™ Wire Shelving","0.83","United States","Columbia","4/6/2015","4/8/2015","31.11","true","4","366.26","90766"
"20040","High","0.1","13.43","5.5","3279","Ricky Allred","Fellowes Personal Hanging Folder Files, Navy","0.57","United States","Columbia","4/6/2015","4/8/2015","358.2954","true","12","157.99","90766"
"20041","High","0.01","125.99","7.69","3279","Ricky Allred","Timeport L7089","0.58","United States","Columbia","4/6/2015","4/6/2015","8.322","true","11","1212.88","90766"
"21620","Medium","0.01","45.99","4.99","3279","Ricky Allred","KF 788","0.56","United States","Columbia","3/14/2015","3/16/2015","24.018","true","3","125.19","90767"
"23022","Critical","0.05","363.25","19.99","3283","William Woodard","Hoover WindTunnel™ Plus Canister Vacuum","0.57","United States","Kendall","4/21/2015","4/21/2015","-269.7555","false","5","1867.04","90752"
"23211","High","0.03","17.48","1.99","3283","William Woodard","Maxell Pro 80 Minute CD-R, 10/Pack","0.45","United States","Kendall","5/10/2015","5/11/2015","710.8074","true","31","537.8","90753"
"26141","High","0.05","19.23","6.15","3284","Michael Shaffer","Executive Impressions 13"" Clairmont Wall Clock","0.44","United States","Kissimmee","2/20/2015","2/22/2015","-2133.278","false","6","119.78","90751"
"20350","Not Specified","0.06","1.7","1.99","3285","Ricky Garner","BASF Silver 74 Minute CD-R","0.51","United States","Herndon","1/6/2015","1/7/2015","80.0712","true","7","12.15","90750"
"20351","Not Specified","0.01","30.98","5.09","3285","Ricky Garner","Xerox 19","0.4","United States","Herndon","1/6/2015","1/8/2015","896.406","true","9","288.42","90750"
"21567","Low","0.08","30.56","2.99","3287","Mary Norman","Surelock™ Post Binders","0.35","United States","Granite Bay","5/25/2015","5/27/2015","352.8798","true","17","511.42","89897"
"23198","Low","0.04","33.89","5.1","3303","Carole Creech","File Shuttle II and Handi-File, Black","0.6","United States","Lake Worth","1/7/2015","1/12/2015","68.676","true","6","200.64","87795"
"20447","Medium","0.06","11.33","6.12","3306","Claire Warren","Holmes Replacement Filter for HEPA Air Cleaner, Medium Room","0.42","United States","New London","4/1/2015","4/3/2015","-15.92","false","1","17.62","90461"
"22732","Low","0.07","16.74","7.04","3307","Edwin Blackburn","Rogers® Profile Extra Capacity Storage Tub","0.81","United States","Agawam","1/26/2015","2/2/2015","-114.2","false","5","80.58","90462"
"23451","Critical","0.1","6.64","54.95","3309","Edwin Chung","G.E. Longer-Life Indoor Recessed Floodlight Bulbs","0.37","United States","Natick","3/24/2015","3/26/2015","-25","false","4","25.31","90460"
"23452","Critical","0.05","90.48","19.99","3310","Tiffany Grossman Hardin","Tyvek® Side-Opening Peel & Seel® Expanding Envelopes","0.4","United States","Sandwich","3/24/2015","3/25/2015","255.1482","true","4","369.78","90460"
"22734","Low","0.06","6.45","1.34","3311","Jackie Flynn","Wirebound Four 2-3/4 x 5 Forms per Page, 400 Sets per Book","0.36","United States","Winchester","1/26/2015","1/31/2015","39.4266","true","9","57.14","90462"
"22733","Low","0.05","122.99","70.2","3314","Billy Hale","Global High-Back Leather Tilter, Burgundy","0.74","United States","Fort Lee","1/26/2015","1/30/2015","-722.23","false","4","498.31","90462"
"19422","Low","0.03","20.98","1.49","3319","Marlene Davidson","Avery Legal 4-Ring Binder","0.35","United States","Hendersonville","5/21/2015","5/21/2015","30.024","true","20","431.43","90104"
"20203","Not Specified","0.08","3.28","3.97","3320","Alicia Maynard","Newell 342","0.56","United States","Jackson","4/27/2015","4/28/2015","0.426600000000003","true","18","57.24","90103"
"20204","Not Specified","0.09","40.97","8.99","3320","Alicia Maynard","Sanford 52201 APSCO Electric Pencil Sharpener","0.59","United States","Jackson","4/27/2015","4/29/2015","66.216","true","22","824.7","90103"
"25330","Medium","0.05","6.48","8.19","3324","Leslie Jacobson","Xerox 217","0.37","United States","El Mirage","2/12/2015","2/15/2015","-164.18","false","9","58.5","90985"
"20488","Low","0","8.74","8.29","3325","Diane Barr","#10- 4 1/8"" x 9 1/2"" Recycled Envelopes","0.38","United States","Coos Bay","6/24/2015","6/26/2015","-79.4","false","14","131.62","90986"
"23476","Critical","0.07","5.58","1.99","3325","Diane Barr","DIXON Ticonderoga® Erasable Checking Pencils","0.46","United States","Coos Bay","4/24/2015","4/26/2015","23.046","true","23","121.46","90987"
"18259","Not Specified","0.06","113.98","30","3327","Bob Gibson","Hon Comfortask® Task/Swivel Chairs","0.69","United States","Port Huron","3/6/2015","3/8/2015","-127.3","false","3","356.14","87272"
"18260","Not Specified","0.05","6.48","6.86","3327","Bob Gibson","Xerox 204","0.37","United States","Port Huron","3/6/2015","3/8/2015","-52.77","false","4","27.08","87272"
"21588","Medium","0.09","5.98","4.69","3331","Elisabeth Shaw","Perma STOR-ALL™ Hanging File Box, 13 1/8""W x 12 1/4""D x 10 1/2""H","0.68","United States","Ormond Beach","1/5/2015","1/6/2015","-781.1342","false","11","65.85","86283"
"23294","Not Specified","0.02","4","1.3","3331","Elisabeth Shaw","EcoTones® Memo Sheets","0.37","United States","Ormond Beach","1/9/2015","1/9/2015","-23.296","false","12","50.71","86284"
"21429","High","0.08","6.48","8.4","3338","Constance Robertson","Xerox 212","0.37","United States","Tampa","5/7/2015","5/7/2015","58.812","true","7","45","85979"
"25613","High","0.03","2.61","0.5","3339","Lester Copeland","Avery 494","0.39","United States","Titusville","6/14/2015","6/15/2015","4.0443","true","7","19.02","85981"
"25614","High","0.01","11.66","7.95","3339","Lester Copeland","Hunt BOSTON® Vista® Battery-Operated Pencil Sharpener, Black","0.58","United States","Titusville","6/14/2015","6/15/2015","-10.3684","false","16","193.87","85981"
"22857","Medium","0.08","125.99","4.2","3340","Phillip Blum","i1000plus","0.57","United States","Troutdale","1/13/2015","1/14/2015","989.8119","true","14","1434.51","85980"
"2986","Critical","0.03","194.3","11.54","3342","Paul Tate","Electrix Halogen Magnifier Lamp","0.59","United States","Washington","2/13/2015","2/15/2015","2861.01","true","42","8549.04","21572"
"20986","Critical","0.03","194.3","11.54","3344","Jim Hinson","Electrix Halogen Magnifier Lamp","0.59","United States","Rochester Hills","2/13/2015","2/15/2015","1544.9307","true","11","2239.03","89928"
"18947","Medium","0.07","7.68","6.16","3347","Carrie McIntosh","GBC VeloBinder Strips","0.35","United States","Royal Palm Beach","1/6/2015","1/8/2015","125.9982","true","1","22.13","89355"
"18948","Medium","0.05","6.64","4.95","3347","Carrie McIntosh","G.E. Longer-Life Indoor Recessed Floodlight Bulbs","0.37","United States","Royal Palm Beach","1/6/2015","1/8/2015","-92.9292","false","5","34.17","89355"
"19461","Medium","0.02","110.99","2.5","3347","Carrie McIntosh","T18","0.57","United States","Royal Palm Beach","1/27/2015","1/29/2015","-39.809","false","1","94.3","89356"
"21485","Medium","0.01","73.98","12.14","3350","Amy York","Keytronic 105-Key Spanish Keyboard","0.67","United States","Parkland","1/23/2015","1/25/2015","-29.0656","false","5","384.22","91296"
"23248","Critical","0.1","10.89","4.5","3351","Nathan Wyatt","Belkin 6 Outlet Metallic Surge Strip","0.59","United States","Pasco","2/4/2015","2/6/2015","-19.2972","false","17","178.68","91297"
"23474","High","0.06","6.7","1.56","3351","Nathan Wyatt","Turquoise Lead Holder with Pocket Clip","0.52","United States","Pasco","2/7/2015","2/9/2015","40.6556","true","12","79.39","91298"
"19838","High","0.03","28.53","1.49","3354","Sara Faulkner","Lock-Up Easel 'Spel-Binder'","0.38","United States","Calexico","5/16/2015","5/17/2015","137.6757","true","7","199.53","88589"
"19839","High","0.07","5.98","7.15","3354","Sara Faulkner","Universal Premium White Copier/Laser Paper (20Lb. and 87 Bright)","0.36","United States","Calexico","5/16/2015","5/18/2015","-62","false","6","37.05","88589"
"19666","Not Specified","0.04","3.69","0.5","3354","Sara Faulkner","Avery 487","0.38","United States","Calexico","3/27/2015","3/29/2015","47.5272","true","19","68.88","88590"
"23906","Low","0.1","120.98","9.07","3355","Glenda Simon","GBC VeloBinder Electric Binding Machine","0.35","United States","Camarillo","2/28/2015","3/9/2015","379.3965","true","5","549.85","88587"
"23907","Low","0.08","8.32","2.38","3355","Glenda Simon","Imation 3.5 IBM Formatted Diskettes, 10/Box","0.74","United States","Camarillo","2/28/2015","3/4/2015","-41.83","false","6","48.99","88587"
"23908","Low","0.1","125.99","4.2","3355","Glenda Simon","V3682","0.59","United States","Camarillo","2/28/2015","2/28/2015","372.402","true","7","681.42","88587"
"18628","Medium","0.07","5.34","5.63","3356","Richard Tan","Pressboard Data Binder, Crimson, 12"" X 8 1/2""","0.39","United States","Eagle","5/4/2015","5/6/2015","-116.3455","false","13","66.65","88588"
"18629","Medium","0.03","160.98","30","3356","Richard Tan","Office Star - Mid Back Dual function Ergonomic High Back Chair with 2-Way Adjustable Arms","0.62","United States","Eagle","5/4/2015","5/5/2015","1304.9","true","18","2934.16","88588"
"18630","Medium","0.04","65.99","5.63","3356","Richard Tan","2190","0.56","United States","Eagle","5/4/2015","5/4/2015","605.0472","true","15","876.88","88588"
"22597","High","0.09","28.53","1.49","3359","Jeffrey Cheng","Lock-Up Easel 'Spel-Binder'","0.38","United States","Wauwatosa","4/28/2015","4/30/2015","107.45462","true","6","157.33","91437"
"23359","Not Specified","0.02","9.11","2.15","3360","Daniel Huff","Black Print Carbonless Snap-Off® Rapid Letter, 8 1/2"" x 7""","0.4","United States","West Allis","3/20/2015","3/22/2015","18.41","true","3","27.37","91435"
"23360","Not Specified","0.06","12.64","4.98","3361","Oscar Kenney","Nu-Dell Executive Frame","0.48","United States","West Bend","3/20/2015","3/22/2015","65.63","true","8","98.16","91435"
"24802","Medium","0.04","7.96","4.95","3361","Oscar Kenney","Staples Plastic Wall Frames","0.41","United States","West Bend","1/26/2015","1/26/2015","-7.73","false","15","116.11","91436"
"23887","Medium","0.03","4.98","4.95","3361","Oscar Kenney","Cardinal Holdit Business Card Pockets","0.37","United States","West Bend","6/9/2015","6/11/2015","-47.99525","false","19","95","91438"
"19749","Low","0.1","80.97","33.6","3366","Dana Boyle","Lexmark Z25 Color Inkjet Printer","0.37","United States","Troy","5/24/2015","5/29/2015","66.22","true","11","837.57","90501"
"19750","Low","0.02","6.48","5.11","3366","Dana Boyle","Xerox 231","0.37","United States","Troy","5/24/2015","5/28/2015","-23.53","false","8","56.22","90501"
"23428","Critical","0.08","30.97","4","3367","Renee McKenzie","Microsoft Multimedia Keyboard","0.74","United States","Upper Arlington","5/2/2015","5/3/2015","10.68","true","26","758.97","90502"
"23429","Critical","0.1","4.13","0.5","3367","Renee McKenzie","Avery 506","0.39","United States","Upper Arlington","5/2/2015","5/4/2015","58.2636","true","18","84.44","90502"
"26104","Medium","0.06","7.1","6.05","3369","Stacy Byrne","Wilson Jones Hanging View Binder, White, 1""","0.39","United States","Westerville","2/12/2015","2/13/2015","-42.1705","false","4","29.99","90500"
"18311","Medium","0.01","179.29","29.21","3374","Jamie Ward","Bevis Round Conference Table Top, X-Base","0.76","United States","Odenton","6/2/2015","6/4/2015","66.36222","true","8","1487.9","87473"
"18320","High","0.05","73.98","12.14","3374","Jamie Ward","Keytronic 105-Key Spanish Keyboard","0.67","United States","Odenton","6/29/2015","6/30/2015","-1.90400000000002","false","8","600.4","87474"
"18321","High","0","5.98","7.15","3374","Jamie Ward","Universal Premium White Copier/Laser Paper (20Lb. and 87 Bright)","0.36","United States","Odenton","6/29/2015","7/1/2015","-37.048","false","5","34.25","87474"
"18322","High","0.09","3.57","4.17","3374","Jamie Ward","Barrel Sharpener","0.59","United States","Odenton","6/29/2015","7/1/2015","-56.888","false","9","31.45","87474"
"22378","Critical","0","19.98","5.97","3379","Annette McIntyre","Xerox 1936","0.38","United States","Kennesaw","3/26/2015","3/29/2015","-189.714","false","12","249.07","88837"
"20366","Critical","0.05","3.14","1.92","3379","Annette McIntyre","Serrated Blade or Curved Handle Hand Letter Openers","0.84","United States","Kennesaw","4/25/2015","4/26/2015","1628.37","true","18","59.22","88839"
"23181","Critical","0.03","315.98","19.99","3380","Eva Decker","GBC ProClick™ 150 Presentation Binding System","0.38","United States","La Grange","4/20/2015","4/22/2015","-4.48","false","18","5572.18","88838"
"23182","Critical","0.09","276.2","24.49","3380","Eva Decker","SAFCO Arco Folding Chair","","United States","La Grange","4/20/2015","4/21/2015","3193.284","true","11","2941.42","88838"
"23183","Critical","0.03","63.94","14.48","3380","Eva Decker","Howard Miller 16"" Diameter Gallery Wall Clock","0.46","United States","La Grange","4/20/2015","4/21/2015","43.6917","true","8","522.46","88838"
"24161","Not Specified","0.05","11.97","5.81","3381","Christopher Norton Patterson","Staples SlimLine Pencil Sharpener","0.6","United States","Macon","3/23/2015","3/25/2015","349.0593","true","2","25.31","88836"
"25841","Medium","0.02","28.53","1.49","3381","Christopher Norton Patterson","Lock-Up Easel 'Spel-Binder'","0.38","United States","Macon","4/29/2015","4/29/2015","1.992","true","18","513.33","88840"
"22341","Low","0.04","2.98","2.03","3385","Daniel Richmond","Premium Writing Pencils, Soft, #2 by Central Association for the Blind","0.57","United States","Boardman","1/16/2015","1/16/2015","-22.01","false","5","15.7","88745"
"22342","Low","0.01","125.99","8.99","3385","Daniel Richmond","M70","0.59","United States","Boardman","1/16/2015","1/21/2015","426.46032","true","6","680.65","88745"
"23190","Critical","0","2.61","0.5","3386","Carmen Elmore","Avery 494","0.39","United States","Bowling Green","5/3/2015","5/5/2015","19.5546","true","10","28.34","88746"
"23191","Critical","0.04","25.38","8.99","3386","Carmen Elmore","Executive Impressions 13"" Chairman Wall Clock","0.5","United States","Bowling Green","5/3/2015","5/6/2015","152.482","true","35","861.3","88746"
"19464","Not Specified","0.03","95.99","35","3388","Aaron Shaffer","Safco Industrial Wire Shelving","","United States","Fairfield","5/11/2015","5/12/2015","67.0120000000001","true","9","894.64","90154"
"18640","Medium","0.08","125.99","7.69","3393","Irene Murphy","StarTAC 3000","0.59","United States","Pullman","4/29/2015","4/30/2015","374.625","true","7","710.36","87908"
"19635","Critical","0.08","4.48","2.5","3393","Irene Murphy","Ampad #10 Peel & Seel® Holiday Envelopes","0.37","United States","Pullman","2/14/2015","2/15/2015","-3.2448","false","19","80.2","87909"
"20624","Low","0","1270.99","19.99","3397","Andrea Shaw","Fellowes PB500 Electric Punch Plastic Comb Binding Machine with Manual Bind","0.35","United States","Danville","6/7/2015","6/9/2015","6384.4389","true","7","9252.81","87535"
"19842","High","0.01","10.9","7.46","3397","Andrea Shaw","Crate-A-Files™","0.59","United States","Danville","3/11/2015","3/12/2015","-116.76","false","18","207.31","87536"
"19843","High","0.1","7.99","5.03","3397","Andrea Shaw","Bell Sonecor JB700 Caller ID","0.6","United States","Danville","3/11/2015","3/12/2015","-160.952","false","22","143.12","87536"
"26208","Not Specified","0.08","11.97","5.81","3399","Marvin Reid","Staples SlimLine Pencil Sharpener","0.6","United States","Des Plaines","3/29/2015","3/31/2015","-41.87","false","5","59.98","87534"
"24911","Medium","0.1","9.38","4.93","3400","Florence Gold","Eldon Expressions Punched Metal & Wood Desk Accessories, Black & Cherry","0.57","United States","Fairmont","4/4/2015","4/4/2015","-24.7104","false","15","135.78","87537"
"25914","High","0.1","105.98","13.99","3403","Tammy Buckley","Tenex 46"" x 60"" Computer Anti-Static Chairmat, Rectangular Shaped","0.65","United States","Cheyenne","2/8/2015","2/11/2015","349.485","true","5","506.5","87530"
